4028 5252
309 394 529 526 semu.
634 390 1235 516 Rtrni'o'rio'nun.
1402 415 1484 569 ’ὃς

313 626 541 743 frangibiles
572 621 710 712 versus
740 624 796 735 T,
841 623 1016 741 aliosque
1043 629 1306 724 intermedios
1343 644 1476 731 versus

307 754 562 847 intermedias
616 748 769 862 plagas.
825 753 955 837 Porro
983 757 1152 844 ducatur
1180 761 1281 849 linea
1320 769 1472 878 quevis

308 891 405 977 GH
439 879 622 999 parallelo
654 881 705 966 ad
738 877 884 965 lineam
912 881 1135 971 incidentiae
1169 891 1261 1002 IX,
1288 893 1367 980 hoc
1399 895 1479 1007 est,

307 1008 644 1132 perpendicularis
659 1008 710 1098 ad
729 1009 833 1117 FG,
861 1035 907 1091 ea
922 1034 1021 1094 uero
1034 1012 1139 1097 secet
1154 1018 1285 1104 radios
1302 1018 1344 1105 in
1367 1049 1468 1132 pun·

306 1151 492 1255 naseu
519 1144 630 1252 &T,
655 1141 844 1255 aquibus
861 1137 1127 1228 demittantur
1154 1149 1251 1255 PC,
1280 1153 1320 1235 R
1336 1155 1391 1256 D,
1419 1177 1475 1236 ac·

307 1279 399 1367 TE
436 1271 778 1387 perpendiculares
814 1269 864 1354 ad
898 1266 1184 1380 refringentem
1221 1274 1475 1387 superficiem»

308 1411 413 1498 AB.
467 1406 544 1490 His
560 1406 611 1489 ad
626 1404 781 1488 vitrum
800 1394 851 1483 stc
873 1398 1147 1487 determinatis
1175 1431 1220 1491 ac
1250 1405 1473 1518 descriptis,

309 1532 533 1649 fiquodvis
566 1531 747 1616 medium
766 1528 807 1612 in
832 1526 970 1613 locum
995 1528 1091 1613 vitri
1118 1531 1198 1638 jam
1217 1534 1465 1643 concipiatur

305 1664 502 1771 substitui,
547 1658 697 1748 ceteris
712 1655 918 1766 stantibus,
945 1658 1102 1745 &radii
1126 1659 1291 1769 alicujus
1308 1664 1469 1748 medio·

304 1792 424 1878 criter
455 1784 1172 1897 refrangibiliesecundumlineaml
1187 1790 1228 1873 X
1253 1788 1473 1899 incidentia

304 1921 356 2006 ad
380 1922 437 2025 X,
482 1912 672 2003 refradlus
697 1917 739 2000 X
757 1915 964 2001 educatur
982 1905 1111 2002 sebam
1134 1913 1292 2043 redarq
1307 1923 1347 2021 D
1363 1916 1463 2025 Rin

214 2145 218 2153 ,
304 2073 341 2129 r.
397 2045 521 2157 Quod
555 2043 640 2133 fieri
671 2046 869 2156 suppono,
914 2040 1108 2158 liquidem
1147 2047 1333 2154 modurn,
1375 2073 1470 2161 quo·

303 2177 555 2266 mediocriter
587 2174 904 2285 refrangibilium
944 2175 1201 2281 refrailiones
1234 2179 1285 2264 ad
1328 2177 1464 2265 media·

302 2306 487 2416 quaelibet
511 2304 741 2413 investigari
762 2300 935 2408 poliunt,
956 2305 1122 2388 antehac
1139 2303 1323 2412 exposui..
1352 2305 1468 2388 Dein·

300 2458 370 2540 per
401 2429 600 2540 punflum
630 2452 656 2505 r
681 2427 853 2508 ducatur
870 2425 976 2510 rebla
1001 2444 1031 2532 p
1052 2441 1072 2506 t
1090 2425 1219 2512 secans
1237 2425 1359 2511 lineas
1376 2427 1415 2512 C
1426 2433 1469 2511 F

299 2560 339 2641 8(
358 2556 452 2637 ET
491 2552 534 2631 in
561 2553 651 2653 p&
676 2563 699 2625 t
730 2550 1122 2654 perpendiculariter,
1166 2550 1470 2657 jungamurque·

291 2677 388 2780 pX
406 2676 443 2752 8(
473 2673 563 2747 tX.
619 2668 742 2765 Dico,
769 2667 879 2769 quod
906 2671 1006 2748 radii
1036 2668 1210 2747 maxime
1232 2666 1465 2772 refrangibi.
1628 2734 1645 2766 t

302 2796 360 2879 les
395 2788 611 2875 secundum
647 2783 798 2873 didam
822 2784 966 2872 lineam
984 2792 1005 2873 I
1021 2786 1304 2874 Xincidentes
1323 2784 1460 2876 refrin-

299 2940 447 3032 gentur
482 2914 525 2997 in
556 2911 703 2997 lineam
738 2913 778 2997 X
791 2927 836 3022 p,
863 2914 904 2999 8(
928 2916 1097 3002 minime
1121 2887 1390 3025 refrangibiles
1416 2919 1459 3005 in

298 3042 552 3147 lineath,
579 3038 759 3149 radiique
789 3037 959 3145 cuiusvis
988 3041 1142 3152 speciei,
1167 3064 1272 3152 quos
1286 3039 1456 3132 :vitrum

299 3164 553 3272 refringebat,
581 3164 629 3249 ad
656 3163 868 3273 quodlibet
884 3164 1078 3273 punblum
1096 3167 1199 3273 PT,
1226 3165 1349 3252 illi'ad
1366 3198 1462 3254 cor·

299 3293 534 3404 respondens
563 3285 758 3398 punitum
784 3286 900 3375 rebla
917 3305 990 3399 pt
1016 3318 1087 3402 per
1109 3290 1280 3377 alterum
1297 3294 1462 3384 dicium*

299 3420 475 3507 medium
502 3413 784 3521 restingentur,
822 3418 934 3526 quod
969 3444 1043 3526 pro
1077 3418 1184 3501 vitro
1217 3416 1464 3531 supponitur

297 3544 476 3633 substitui
497 3574 508 3647 ;
541 3539 626 3641 biis
655 3539 814 3648 pundlis
841 3542 1035 3627 linearum
1065 3548 1097 3628 P
1113 3542 1153 3626 T
1169 3547 1206 3630 br
1214 3560 1250 3653 p
1266 3563 1285 3626 t
1305 3549 1461 3636 habitis.

296 3700 369 3783 pro
387 3662 803 3773 correspondentibus,
831 3692 900 3773 per
923 3692 1011 3775 que
1029 3666 1135 3753 seua
1152 3672 1301 3778 quevis
1319 3676 1456 3782 paral·

296 3794 449 3902 lelaipfi
463 3799 502 3877 D
513 3799 552 3877 R
566 3792 716 3877 transit.
734 3797 848 3876 Patet
861 3793 997 3902 itaque
1008 3796 1165 3900 modus,
1180 3797 1459 3906 quorefrabli·

296 3947 393 4008 ones
410 3920 648 4026 quorumvis
670 3917 873 4003 radiorum
893 3946 941 4002 ex
957 3947 1046 4003 aere
1063 3922 1106 4005 in
1129 3923 1341 4033 quodlibet
1361 3952 1447 4010 me·
1467 3944 1476 3957 “

296 4047 409 4135 dium
442 4042 703 4151 propositum,
746 4042 988 4154 obliquitate
1027 4047 1209 4133 maxima.
1235 4047 1475 4137 incidentiae
1602 4130 1630 4157 ³

294 4202 379 4281 um,
423 4166 678 4256 determinari
707 4189 914 4278 poterunt,
953 4173 1127 4280 cogniti.
1149 4174 1265 4259 unici
1284 4192 1451 4254 tantum:

1311 4292 1443 4379 radio·
1471 4372 1477 4378 .
