4078 5250
296 418 426 525 διὰ.
463 408 501 513 Ι.
570 384 1273 506 LueraCot'onrans.
1349 414 1456 543 223

295 632 412 727 facile
440 626 518 714 erit
541 622 686 715 modos
705 611 880 702 examini
896 611 1099 726 subjicere,
1122 612 1271 727 quibus
1294 617 1456 725 posthac

292 761 339 849 in
372 754 528 844 colores
554 741 739 837 converti
772 736 915 850 potest,
941 740 1064 852 idque
1095 764 1255 827 tantum
1287 741 1465 831 srstendo·

293 889 372 977 hoc
386 883 453 972 vel
471 877 572 964 iliud
600 873 805 959 radiorum
816 895 947 980 genua
967 869 1075 978 apud
1098 869 1154 951 M
1170 870 1229 975 N,
1251 891 1297 954 ut
1310 873 1456 960 consti.

296 1012 407 1099 tutio
436 1005 539 1091 lucis
555 1001 646 1086 ΧΥ
674 998 809 1108 quoad
826 995 910 1104 ejus
923 991 1225 1081 convertionem
1242 995 1284 1080 in
1299 997 1456 1085 colores
1476 1096 1480 1103 ¹

296 1153 448 1245 pateat.

240 1360 247 1369 .
351 1373 1076 1492 anunnnroouu,srdesrderetur,
1087 1398 1133 1463 ut
1144 1376 1265 1465 sensui
1281 1375 1464 1489 planissi'-

296 1539 362 1601 me
379 1527 528 1621 pateat,
553 1503 666 1617 quod
688 1499 830 1610 prisma
849 1505 1050 1589 convertit
1077 1504 1206 1590 lucern
1225 1505 1269 1588 in
1285 1505 1456 1611 colores,

295 1665 380 1726 non
402 1627 705 1718 transmutando
728 1626 989 1740 proprietates
1014 1630 1098 1737 ejus
1122 1627 1364 1737 intrinsecas,
1389 1627 1455 1715 sed

295 1756 538 1879 segregando
554 1781 716 1849 tanturn
737 1761 886 1866 radios,
914 1758 964 1843 ad
989 1759 1243 1842 excitandum
1263 1758 1371 1842 varia
1388 1787 1460 1844 co·

296 1891 434 1977 lorum
449 1889 723 2000 phantasmata-
740 1884 961 1996 dispofiros,
988 1881 1212 1992 exquibus
1232 1881 1303 1966 lux
1322 1886 1469 1971 omnio

300 2018 435 2103 albens
449 2014 719 2101 constituitur.
758 2011 879 2097 Nihil
894 2010 1003 2095 aliud
1021 2010 1223 2118 agendum
1242 2010 1312 2115 est,
1330 2036 1456 2123 quam

296 2133 347 2231 ut
361 2140 504 2254 prisma
522 2139 685 2252 aliquod
702 2143 746 2226 H
757 2140 785 2223 I.
796 2143 835 2224 K
853 2138 909 2223 ita
928 2137 1136 2237 statuatur,
1155 2155 1202 2218 ut
1220 2133 1351 2220 lucem
1367 2140 1470 2225 ΧΥ

297 2269 496 2382 excipiat„
536 2272 576 2356 8<
625 2263 885 2376 refringendo
935 2257 1172 2346 transmutet
1214 2260 1258 2344 in
1296 2264 1467 2351 colores·

299 2401 347 2504 P,
361 2399 423 2503 Q,
439 2401 498 2499 R,
510 2401 552 2500 S,
570 2395 611 2478 T
627 2394 669 2477 in
680 2420 875 2504 papyrum
888 2389 1064 2501 aliquam
1080 2387 1343 2495 procidentes.
1371 2399 1456 2479 De-

298 2519 408 2625 inde,
426 2517 454 2599 fi
469 2516 648 2603 colorem
668 2516 890 2626 quemlibet
908 2517 1015 2625 apud
1030 2513 1180 2597 lentem
1195 2510 1251 2595 M
1269 2514 1314 2595 N
1331 2516 1463 2600 inter·

299 2644 432 2753 posrto
464 2637 669 2724 obstaculo
696 2639 814 2746 srstat,
830 2725 834 2729 ,
853 2641 1008 2725 videbis
1034 2636 1207 2725 eundem
1234 2639 1413 2726 colorem
1431 2670 1466 2727 a

299 2792 457 2883 papyro
491 2769 580 2851 LV
613 2761 793 2850 deficere.
835 2766 899 2850 Sic
927 2793 1146 2876 purpuram
1150 2782 1188 2879 p
1200 2767 1473 2878 obstruendo,

301 2892 517 3006 disparebit
533 2915 710 3002 purpura
728 2894 775 2999 P,
800 2894 950 2978 caeteris
962 2893 1170 2981 coloribus
1185 2924 1270 2982 non
1285 2897 1471 2982 omnino

299 3023 496 3131 mutatis,
522 3021 708 3132 (dempto
724 3019 831 3108 forte
856 3022 1039 3130 caeruleo,
1075 3046 1273 3137 quatenus
1303 3025 1470 3140 aliquid

299 3178 483 3267 purpura
497 3149 766 3236 committunt
783 3148 962 3256 habeat.)
1016 3149 1088 3237 sic
1103 3152 1313 3237 viridemr
1332 3154 1472 3238 inter··

299 3277 502 3391 cipiendo,
529 3274 670 3360 viridis
699 3281 745 3361 R·
768 3276 984 3383 evanescet,
1024 3276 1134 3365 &stc
1158 3281 1208 3363 de
1224 3277 1338 3363 aliia·
1377 3285 1456 3366 At·

298 3436 377 3517 que
399 3407 456 3493 ita
482 3403 620 3489 videre
649 3400 719 3511 est,
746 3405 859 3514 quod
879 3401 1000 3488 iidem
1029 3406 1185 3493 colores
1211 3407 1315 3517 apud
1336 3432 1459 3519 papy-

237 3534 240 3541 ’
300 3533 845 3643 rumLV&apndlentem
869 3534 927 3619 M
944 3534 990 3620 N
1013 3536 1216 3645 pertinent
1233 3537 1283 3622 ad
1300 3537 1471 3625 eosdem¹

302 3662 447 3768 radios,
473 3657 596 3769 iisque
611 3689 697 3747 non
721 3664 1046 3748 communicatur
1069 3662 1349 3750 arefraerione
1363 3663 1473 3777 ptis··

304 3786 422 3865 ruatis
438 3784 515 3867 HI
533 3790 587 3890 K,
613 3783 806 3893 srquidem
825 3786 1123 3897 praexistebant
1149 3785 1343 3903 segregati
1369 3788 1474 3903 quia

306 3902 402 3987 dem
418 3905 469 4001 ad
486 3905 635 3992 lentem
652 3909 710 3992 M
725 3911 784 4018 N,
795 3907 1086 4023 &congregati
1102 3910 1147 3999 in
1162 3910 1250 4000 luce
1266 3917 1318 4033 X·
1328 3917 1393 4003 Y.-

1371 4236 1473 4392 aa,
