4028 5252
530 312 595 437 u
728 296 1470 439 PRAEFATIQ

525 577 776 679 t‘erruillent.
847 580 950 679 Imo
998 572 1106 676 adeo
1156 568 1411 675 abhorrebat
1444 576 1698 681 Newtonus

496 806 501 813 -
522 726 578 829 ab
599 726 850 860 hujusmodi
873 729 1235 848 altercationibus,
1273 758 1326 829 ut
1374 730 1430 831 de
1453 725 1542 830 hoc
1565 768 1698 871 urgu-

526 918 681 987 mento
730 926 807 1026 per
846 889 1009 985 multos
1058 920 1198 986 annos
1227 881 1398 1024 prorsus
1433 883 1582 1012 bloet,
1617 895 1695 987 vix

524 1028 701 1139 tandem
724 1079 843 1142 anno
877 1080 1007 1160 1704
1034 1050 1282 1141 amicorum
1311 1040 1508 1180 precibus
1534 1048 1722 1167 victus„

528 1224 579 1313 ut
596 1190 955 1294 absolutiffimum
973 1191 1081 1295 illud
1099 1192 1152 1293 de
1174 1201 1351 1330 Opticis
1372 1208 1501 1330 Opus
1517 1201 1563 1292 in
1582 1194 1701 1333 pub·

525 1349 661 1447 licum
678 1346 918 1488 proferrem
954 1384 1050 1488 quo
1071 1344 1243 1447 fortallc
1265 1353 1335 1449 vel
1357 1346 1521 1449 diutius
1547 1357 1695 1488 priva·

526 1508 566 1622 ri
616 1499 810 1619 essemus,
844 1497 926 1601 nisr
957 1497 1055 1598 haec
1083 1510 1308 1602 Newtoni
1339 1511 1519 1601 inventa
1538 1496 1700 1637 infigni

387 1788 394 1799 ἱ
527 1690 760 1793 geometrae
787 1664 1001 1793 Hugenio
1027 1651 1134 1753 adeo
1159 1658 1358 1795 placuisse
1377 1664 1474 1791 jam
1499 1691 1701 1792 compet-

528 1842 629 1908 tum
646 1809 758 1926 clim,
792 1843 842 1909 ut
866 1848 1074 1950 magnam
1095 1843 1262 1950 partem
1294 1813 1402 1933 libri
1434 1808 1594 1947 ejusde
1617 1819 1703 1911 Di-

529 1973 708 2100 optricis
767 1973 816 2063 in
864 1962 995 2094 hujus
1036 1972 1253 2103 principia
1300 1964 1561 2079 extruxiffet,
1620 1972 1702 2105 qui

529 2125 731 2254 Hugcnii
752 2116 858 2218 liber
882 2129 995 2219 inter
1023 2131 1174 2261 Opera
1198 2128 1289 2248 ejus
1312 2118 1552 2219 Posthuma
1580 2155 1702 2218 anno

520 2266 841 2413 precedente
829 2310 877 2371 1n
905 2276 1048 2374 lucem
1079 2272 1269 2414 prodiit.
1313 2268 1419 2371 hinc
1442 2268 1702 2410 sperandum

529 2426 684 2529 effet
671 2437 884 2573 imperitis
914 2434 1003 2533 istis
1040 2432 1326 2577 nugatoribus
1364 2430 1628 2613 silentium
1615 2467 1702 2531 nn·

529 2574 664 2785 poni..
780 2624 789 2637 ·
885 2620 891 2631 ·

553 2890 859 2986 Lrnrncle
879 2892 1055 3017 Opticis
1079 2920 1199 2981 anno
1226 2918 1357 3001 ¹704
1382 2882 1521 2979 editus
1544 2882 1599 2980 ab
1616 2880 1705 2984 hoc

531 3042 713 3139 nactam
728 3032 844 3131 haud
861 3066 1016 3169 parum
1033 3022 1192 3134 differt.
1212 3034 1359 3132 Multa
1385 3030 1567 3173 quidem
1582 3045 1632 3137 in
1654 3072 1707 3139 u.

530 3222 689 3325 troque
714 3192 1000 3283 inveniuntur
1023 3181 1178 3283 codem
1197 3179 1332 3301 sensu,
1373 3182 1442 3285 sed
1457 3194 1622 3289 ratione
1639 3188 1707 3291 di-

530 3335 653 3441 versi
669 3333 820 3435 tradita
828 3372 846 3455 3
864 3344 912 3435 in
927 3340 1004 3434 illo
1021 3347 1168 3437 autem
1185 3376 1277 3442 non
1302 3377 1440 3480 pauca
1456 3378 1488 3442 ev
1499 3346 1705 3483 prestan-

530 3490 728 3593 tiffimis
717 3499 909 3592 inventis
926 3528 1203 3634 comparent,
1223 3535 1322 3640 quae
1340 3494 1412 3597 hic
1434 3536 1528 3600 non
1546 3504 1704 3641 legun-

528 3677 615 3753 tur.
648 3656 815 3787 Magna
824 3684 944 3749 enim
963 3686 1061 3789 pars
1077 3654 1197 3755 istius
1214 3660 1355 3795 operis
1370 3660 1421 3754 iis
1440 3652 1707 3795 explicandis

525 3834 781 3977 occupatur,
829 3845 928 3951 quae
956 3812 1119 3913 lumini
1152 3823 1440 3951 contingunt,
1477 3811 1586 3913 dum
1625 3848 1703 3950 per

523 3962 672 4095 tenues
713 3963 899 4067 lamellas
938 3968 1177 4111 perlucidas
1201 3962 1384 4113 transrt3
1440 3960 1704 4114 hujufinodi

395 4196 415 4239 .,
1600 4154 1709 4261 uero
