4058 5258
598 279 703 399 288
957 288 1054 392 Dr:
1095 282 1350 390 Vneris
1560 293 1661 398 Par.
1698 304 1758 407 11.

604 534 683 598 roo
701 507 812 622 grad.
847 536 897 617 3²
931 503 1030 592 min.
1048 502 1208 593 Subduc
1230 504 1311 615 jam
1334 504 1506 618 duplum
1527 536 1643 602 arcus
1662 518 1758 604 NF

599 660 652 717 ex
672 655 891 745 aggregato
913 659 1030 721 arcus
1054 633 1098 717 N
1116 632 1207 716 L&
1238 632 1315 716 180
1340 634 1454 743 grad.
1480 633 1560 724 sive
1585 638 1759 729 semicir-

601 759 698 868 culi,
724 765 762 850 8(
789 758 951 848 restabit
983 784 1033 865 41
1070 756 1182 870 grad·
1215 758 1359 844 omin.
1384 786 1459 871 pro
1493 763 1758 858 inclinatione

601 885 1191 993 radiiRGedradiumAN,
1215 880 1756 1007 liveproanguloAXR3

599 1009 807 1122 produdiis
830 1038 973 1123 nempe
1007 1016 1047 1097 A
1063 1011 1107 1097 N
1123 1012 1162 1098 δι
1181 1011 1226 1095 Ν
1241 1016 1281 1098 G
1297 1013 1427 1101 donec
1447 1014 1490 1101 in
1507 1016 1548 1099 X
1566 1021 1755 1107 conveni·

600 1157 683 1221 ant.
737 1144 793 1224 Et
811 1138 877 1225 hic
905 1136 1074 1249 angulus
1092 1137 1162 1244 est,
1187 1137 1258 1225 sub
1280 1166 1367 1248 quo
1394 1139 1560 1227 intimus
1579 1140 1659 1229 live
1679 1175 1753 1232 cae·

600 1261 734 1349 ruleus
752 1263 902 1352 limbus
928 1264 1039 1349 iridis
1063 1261 1181 1374 hujus
1207 1290 1394 1378 apparere
1419 1265 1552 1375 debet,
1581 1263 1660 1363 five
1679 1272 1754 1357 mi·

600 1391 708 1477 nima
725 1394 809 1503 ejus
827 1393 1132 1481 semidiameter.

653 1652 693 1730 Α
708 1678 735 1732 n
765 1646 939 1736 eundem
968 1651 1138 1738 modum
1168 1675 1244 1760 pro
1268 1649 1388 1738 radiis
1413 1647 1580 1737 minime
1604 1648 1753 1739 refran-

597 1767 807 1881 gibilibus,
832 1772 962 1884 polito
981 1769 1063 1861 finu
1089 1771 1314 1862 incidentia
1334 1780 1384 1862 ad
1402 1773 1527 1866 linum
1552 1771 1756 1861 refraffio·

596 1896 659 1981 nis
686 1919 733 1985 ut
764 1904 836 1989 182
873 1904 925 1988 ad
962 1901 1056 2010 138,
1083 1903 1146 1989 uti
1179 1904 1380 1993 dimensus
1402 1902 1502 2011 sum,
1527 1905 1756 1990 invenietur

597 2261 667 2349 per
696 2229 876 2318 tabulam
905 2232 1062 2317 sinuum
1092 2256 1207 2317 arcus
1237 2229 1330 2316 NL
1358 2234 1436 2315 erit
1461 2235 1517 2316 60
1542 2236 1655 2341 grad.
1691 2261 1740 2318 22

596 2361 697 2447 min.
721 2362 760 2447 br
785 2383 904 2445 arcus
933 2357 1021 2442 NF
1042 2357 1095 2456 98
1110 2355 1222 2468 grad.
1249 2358 1300 2461 38
1317 2356 1414 2442 min.
1470 2354 1664 2470 Adeoque
1678 2386 1746 2444 an·

596 2484 718 2596 gulos
736 2492 775 2570 A
793 2486 834 2571 X
853 2488 894 2568 R
922 2510 973 2592 43
1007 2484 1117 2595 grad.
1150 2497 1176 2567 6
1209 2483 1307 2566 min.
1350 2479 1421 2566 sub
1456 2507 1542 2590 quo
1578 2485 1753 2570 extimus

597 2607 678 2696 live
698 2608 846 2696 rubeus
876 2609 993 2718 hubis
1023 2607 1136 2694 iridis
1156 2608 1305 2693 limbus
1336 2607 1555 2717 apparebit.
1609 2612 1753 2723 Itaque

596 2737 773 2825 maxima
791 2739 876 2845 ejus
897 2736 1186 2824 semidiameter
1217 2736 1274 2822 est
1293 2755 1345 2840 43
1372 2736 1484 2845 grad.
1501 2743 1541 2820 6.
1560 2738 1658 2823 min.
1712 2745 1753 2825 A

596 2862 680 2979 qud
715 2859 974 2949 nauseatur
1015 2860 1184 2948 minima
1222 2859 1514 2945 semidiameter
1551 2888 1600 2967 41
1642 2861 1752 2972 grad.

597 3021 625 3075 o
652 2986 750 3075 min.
768 2988 939 3101 emergit
956 2984 1069 3074 iridis
1081 2983 1271 3072 cralbties
1296 3008 1317 3065 2
1346 2984 1461 3092 grad.
1478 3013 1505 3070 o
1524 2986 1623 3070 min.
1640 2986 1753 3073 circi·

597 3136 673 3223 ter,
690 3114 752 3202 vel
768 3113 905 3226 potius
922 3140 961 3197 ι.
978 3113 1076 3228 grad
1091 3135 1145 3219 37
1157 3111 1268 3233 min.
1287 3108 1425 3194 additi
1446 3109 1643 3195 diametro
1662 3106 1753 3194 solis

598 3269 650 3348 37
686 3241 782 3327 min.
855 3240 932 3327 Sed
964 3263 1061 3328 cum
1089 3235 1248 3325 colores
1277 3235 1321 3321 in
1356 3236 1680 3322 extremitatibus
1703 3235 1754 3322 ad

598 3385 818 3477 utrumque
874 3365 1048 3456 limbum
1099 3364 1315 3454 debiliores
1369 3359 1444 3446 sint
1494 3389 1615 3471 quam
1668 3386 1753 3469 quo

597 3512 763 3604 propter
799 3490 972 3581 nubium
1020 3494 1362 3578 conterminarum
1406 3486 1652 3593 splendorem
1692 3487 1753 3570 vi·

597 3617 683 3705 deri
712 3611 890 3727 poffunr,
925 3610 1114 3707 sensibilis
1138 3618 1224 3727 eius
1249 3608 1438 3702 erassities
1468 3609 1573 3697 duos
1606 3609 1753 3722 gradus

598 3743 669 3830 vix
684 3749 867 3836 excedet·

1930 84 1940 161 l
