<?xml version="1.0" encoding="UTF-8"?>
<!DOCTYPE html PUBLIC "-//W3C//DTD XHTML 1.0 Transitional//EN"
    "http://www.w3.org/TR/xhtml1/DTD/xhtml1-transitional.dtd">
<html xmlns="http://www.w3.org/1999/xhtml" xml:lang="en" lang="en">
 <head>
  <title>
</title>
<meta http-equiv="Content-Type" content="text/html;charset=utf-8" />
  <meta name='ocr-system' content='tesseract 3.04.00' />
  <meta name='ocr-capabilities' content='ocr_page ocr_carea ocr_par ocr_line ocrx_word'/>
</head>
<body>
  <div class='ocr_page' id='page_1' title='image "./isaacinewtonieq01newtgoog_0320.png"; bbox 0 0 4058 5258; ppageno 0'>
   <div class='ocr_carea' id='block_1_1' title="bbox 292 338 1448 492">
    <p class='ocr_par' dir='ltr' id='par_1_1' title="bbox 292 338 1448 492">
     <span class='ocr_line' id='line_1_1' title="bbox 292 338 1448 492; baseline -0.003 -36"><span class='ocrx_word' id='word_1_1' title='bbox 292 359 415 470; x_wconf 65' lang='lat' dir='ltr'>Sed.</span> <span class='ocrx_word' id='word_1_2' title='bbox 455 346 517 455; x_wconf 93' lang='lat'>11.</span> <span class='ocrx_word' id='word_1_3' title='bbox 552 346 832 449; x_wconf 72' lang='lat' dir='ltr'>Cotou&#39;un</span> <span class='ocrx_word' id='word_1_4' title='bbox 872 338 1276 447; x_wconf 64' lang='lat' dir='ltr'>Pannonium.</span> <span class='ocrx_word' id='word_1_5' title='bbox 1342 357 1448 492; x_wconf 75' lang='lat'>235</span> 
     </span>
    </p>
   </div>
   <div class='ocr_carea' id='block_1_2' title="bbox 289 559 1488 815">
    <p class='ocr_par' dir='ltr' id='par_1_2' title="bbox 289 559 1488 815">
     <span class='ocr_line' id='line_1_2' title="bbox 290 559 1488 674; baseline -0.01 -10"><span class='ocrx_word' id='word_1_6' title='bbox 290 573 520 666; x_wconf 83' lang='lat' dir='ltr'>notandum</span> <span class='ocrx_word' id='word_1_7' title='bbox 538 564 666 672; x_wconf 79' lang='lat' dir='ltr'>venit,</span> <span class='ocrx_word' id='word_1_8' title='bbox 693 579 892 674; x_wconf 75' lang='lat' dir='ltr'>quantum</span> <span class='ocrx_word' id='word_1_9' title='bbox 910 559 981 647; x_wconf 82' lang='lat' dir='ltr'>ista</span> <span class='ocrx_word' id='word_1_10' title='bbox 996 560 1292 651; x_wconf 81' lang='lat' dir='ltr'>circumstantia</span> <span class='ocrx_word' id='word_1_11' title='bbox 1311 567 1450 655; x_wconf 69' lang='lat' dir='ltr'>adver⁴</span> <span class='ocrx_word' id='word_1_12' title='bbox 1481 571 1488 581; x_wconf 72' lang='grc'><em>“</em></span> 
     </span>
     <span class='ocr_line' id='line_1_3' title="bbox 289 686 1445 815; baseline -0.01 -20"><span class='ocrx_word' id='word_1_13' title='bbox 289 705 399 794; x_wconf 69' lang='lat' dir='ltr'>fitur</span> <span class='ocrx_word' id='word_1_14' title='bbox 422 690 714 815; x_wconf 80' lang='lat' dir='ltr'>hypothesibus</span> <span class='ocrx_word' id='word_1_15' title='bbox 733 686 1086 803; x_wconf 83' lang='lat' dir='ltr'>philosophorum,</span> <span class='ocrx_word' id='word_1_16' title='bbox 1108 718 1197 806; x_wconf 79' lang='lat' dir='ltr'>quae</span> <span class='ocrx_word' id='word_1_17' title='bbox 1222 694 1272 779; x_wconf 89' lang='lat' dir='ltr'>de</span> <span class='ocrx_word' id='word_1_18' title='bbox 1297 695 1445 784; x_wconf 87' lang='lat' dir='ltr'>colori·</span> 
     </span>
    </p>
   </div>
   <div class='ocr_carea' id='block_1_3' title="bbox 220 817 1447 2945">
    <p class='ocr_par' dir='ltr' id='par_1_3' title="bbox 220 817 1447 2575">
     <span class='ocr_line' id='line_1_4' title="bbox 292 817 1447 937; baseline -0.004 -15"><span class='ocrx_word' id='word_1_19' title='bbox 292 836 368 922; x_wconf 87' lang='lat' dir='ltr'>bus</span> <span class='ocrx_word' id='word_1_20' title='bbox 401 830 481 918; x_wconf 88' lang='lat' dir='ltr'>huc</span> <span class='ocrx_word' id='word_1_21' title='bbox 510 824 636 937; x_wconf 83' lang='lat' dir='ltr'>usque</span> <span class='ocrx_word' id='word_1_22' title='bbox 667 817 830 910; x_wconf 84' lang='lat' dir='ltr'>suerunt</span> <span class='ocrx_word' id='word_1_23' title='bbox 861 821 1107 931; x_wconf 54' lang='lat' dir='ltr'>excogitate⁴</span> <span class='ocrx_word' id='word_1_24' title='bbox 1163 826 1226 907; x_wconf 83' lang='lat' dir='ltr'>Ex</span> <span class='ocrx_word' id='word_1_25' title='bbox 1245 823 1321 910; x_wconf 84' lang='lat' dir='ltr'>iliis</span> <span class='ocrx_word' id='word_1_26' title='bbox 1336 829 1447 917; x_wconf 86' lang='lat' dir='ltr'>enirn</span> 
     </span>
     <span class='ocr_line' id='line_1_5' title="bbox 289 943 1445 1070; baseline -0.003 -26"><span class='ocrx_word' id='word_1_27' title='bbox 289 955 429 1070; x_wconf 72' lang='lat' dir='ltr'>postris</span> <span class='ocrx_word' id='word_1_28' title='bbox 452 946 622 1038; x_wconf 73' lang='lat' dir='ltr'>resrrsta</span> <span class='ocrx_word' id='word_1_29' title='bbox 646 947 715 1032; x_wconf 85' lang='lat' dir='ltr'>lux</span> <span class='ocrx_word' id='word_1_30' title='bbox 734 946 867 1031; x_wconf 82' lang='lat' dir='ltr'>adeas</span> <span class='ocrx_word' id='word_1_31' title='bbox 889 943 1041 1057; x_wconf 84' lang='lat' dir='ltr'>semper</span> <span class='ocrx_word' id='word_1_32' title='bbox 1064 967 1309 1058; x_wconf 82' lang='lat' dir='ltr'>partescum</span> <span class='ocrx_word' id='word_1_33' title='bbox 1326 980 1445 1041; x_wconf 81' lang='lat' dir='ltr'>caeru·</span> 
     </span>
     <span class='ocr_line' id='line_1_6' title="bbox 289 1069 1443 1187; baseline -0.002 -23"><span class='ocrx_word' id='word_1_34' title='bbox 289 1082 358 1168; x_wconf 84' lang='lat' dir='ltr'>leo</span> <span class='ocrx_word' id='word_1_35' title='bbox 383 1072 620 1166; x_wconf 80' lang='lat' dir='ltr'>&amp;violaceo</span> <span class='ocrx_word' id='word_1_36' title='bbox 640 1069 888 1157; x_wconf 83' lang='lat' dir='ltr'>terminanda</span> <span class='ocrx_word' id='word_1_37' title='bbox 910 1070 979 1176; x_wconf 87' lang='lat' dir='ltr'>est,</span> <span class='ocrx_word' id='word_1_38' title='bbox 997 1070 1130 1158; x_wconf 89' lang='lat' dir='ltr'>versus</span> <span class='ocrx_word' id='word_1_39' title='bbox 1147 1098 1248 1187; x_wconf 83' lang='lat' dir='ltr'>quas</span> <span class='ocrx_word' id='word_1_40' title='bbox 1262 1073 1310 1159; x_wconf 88' lang='lat' dir='ltr'>fit</span> <span class='ocrx_word' id='word_1_41' title='bbox 1325 1075 1443 1163; x_wconf 83' lang='lat' dir='ltr'>refra-</span> 
     </span>
     <span class='ocr_line' id='line_1_7' title="bbox 292 1195 1443 1311; baseline -0.004 -19"><span class='ocrx_word' id='word_1_42' title='bbox 292 1203 405 1307; x_wconf 61' lang='lat' dir='ltr'>etim</span> <span class='ocrx_word' id='word_1_43' title='bbox 447 1195 777 1311; x_wconf 82' lang='lat' dir='ltr'>quandoquidem</span> <span class='ocrx_word' id='word_1_44' title='bbox 814 1197 1045 1307; x_wconf 79' lang='lat' dir='ltr'>gyrationes</span> <span class='ocrx_word' id='word_1_45' title='bbox 1091 1197 1353 1308; x_wconf 82' lang='lat' dir='ltr'><strong>globulorum</strong></span> <span class='ocrx_word' id='word_1_46' title='bbox 1393 1230 1443 1287; x_wconf 84' lang='lat' dir='ltr'>ex</span> 
     </span>
     <span class='ocr_line' id='line_1_8' title="bbox 288 1315 1442 1441; baseline -0.002 -26"><span class='ocrx_word' id='word_1_47' title='bbox 288 1327 482 1441; x_wconf 83' lang='lat' dir='ltr'>opinione</span> <span class='ocrx_word' id='word_1_48' title='bbox 516 1315 694 1428; x_wconf 70' lang='lat' dir='ltr'>carcesi,</span> <span class='ocrx_word' id='word_1_49' title='bbox 737 1317 805 1406; x_wconf 82' lang='lat' dir='ltr'>vel</span> <span class='ocrx_word' id='word_1_50' title='bbox 837 1342 967 1432; x_wconf 82' lang='lat' dir='ltr'>partes</span> <span class='ocrx_word' id='word_1_51' title='bbox 1004 1323 1223 1411; x_wconf 75' lang='lat' dir='ltr'>anteriores</span> <span class='ocrx_word' id='word_1_52' title='bbox 1256 1325 1442 1434; x_wconf 86' lang='lat' dir='ltr'>pulsuum</span> 
     </span>
     <span class='ocr_line' id='line_1_9' title="bbox 287 1441 1442 1561; baseline -0.003 -20"><span class='ocrx_word' id='word_1_53' title='bbox 287 1451 445 1541; x_wconf 66' lang='lat' dir='ltr'>aberis</span> <span class='ocrx_word' id='word_1_54' title='bbox 486 1445 652 1561; x_wconf 72' lang='lat' dir='ltr'>obitque</span> <span class='ocrx_word' id='word_1_55' title='bbox 708 1441 915 1552; x_wconf 78' lang='lat' dir='ltr'>vibrantis,</span> <span class='ocrx_word' id='word_1_56' title='bbox 965 1475 1016 1534; x_wconf 81' lang='lat' dir='ltr'>ex</span> <span class='ocrx_word' id='word_1_57' title='bbox 1078 1447 1291 1560; x_wconf 83' lang='lat' dir='ltr'>hypothefi</span> <span class='ocrx_word' id='word_1_58' title='bbox 1337 1454 1442 1540; x_wconf 87' lang='lat' dir='ltr'>Mri.</span> 
     </span>
     <span class='ocr_line' id='line_1_10' title="bbox 287 1574 1441 1688; baseline -0.006 -20"><span class='ocrx_word' id='word_1_59' title='bbox 287 1577 459 1685; x_wconf 81' lang='lat' dir='ltr'>Hookii,</span> <span class='ocrx_word' id='word_1_60' title='bbox 486 1601 556 1688; x_wconf 85' lang='lat' dir='ltr'>per</span> <span class='ocrx_word' id='word_1_61' title='bbox 570 1574 761 1662; x_wconf 81' lang='lat' dir='ltr'>viciniam</span> <span class='ocrx_word' id='word_1_62' title='bbox 783 1574 1020 1683; x_wconf 79' lang='lat' dir='ltr'>quiescentis</span> <span class='ocrx_word' id='word_1_63' title='bbox 1041 1575 1164 1661; x_wconf 86' lang='lat' dir='ltr'>medii</span> <span class='ocrx_word' id='word_1_64' title='bbox 1185 1577 1320 1662; x_wconf 83' lang='lat' dir='ltr'>adeas</span> <span class='ocrx_word' id='word_1_65' title='bbox 1343 1577 1441 1662; x_wconf 87' lang='lat' dir='ltr'>sem·</span> 
     </span>
     <span class='ocr_line' id='line_1_11' title="bbox 283 1696 1438 1816; baseline 0 -28"><span class='ocrx_word' id='word_1_66' title='bbox 283 1730 356 1816; x_wconf 81' lang='lat' dir='ltr'>per</span> <span class='ocrx_word' id='word_1_67' title='bbox 388 1723 519 1815; x_wconf 76' lang='lat' dir='ltr'>purten</span> <span class='ocrx_word' id='word_1_68' title='bbox 545 1698 890 1813; x_wconf 78' lang='lat' dir='ltr'>impediuntur&amp;</span> <span class='ocrx_word' id='word_1_69' title='bbox 926 1696 1156 1786; x_wconf 84' lang='lat' dir='ltr'>hebescunt.</span> <span class='ocrx_word' id='word_1_70' title='bbox 1211 1706 1267 1786; x_wconf 90' lang='lat' dir='ltr'>Et</span> <span class='ocrx_word' id='word_1_71' title='bbox 1301 1723 1438 1788; x_wconf 84' lang='lat' dir='ltr'>tamen</span> 
     </span>
     <span class='ocr_line' id='line_1_12' title="bbox 283 1824 1437 1942; baseline -0.006 -19"><span class='ocrx_word' id='word_1_72' title='bbox 283 1833 350 1923; x_wconf 84' lang='lat' dir='ltr'>hic</span> <span class='ocrx_word' id='word_1_73' title='bbox 369 1834 505 1920; x_wconf 86' lang='lat' dir='ltr'>ridere</span> <span class='ocrx_word' id='word_1_74' title='bbox 517 1830 588 1937; x_wconf 84' lang='lat' dir='ltr'>est,</span> <span class='ocrx_word' id='word_1_75' title='bbox 603 1828 719 1942; x_wconf 89' lang='lat' dir='ltr'>quod</span> <span class='ocrx_word' id='word_1_76' title='bbox 734 1827 903 1915; x_wconf 85' lang='lat' dir='ltr'>admoto</span> <span class='ocrx_word' id='word_1_77' title='bbox 920 1824 1130 1913; x_wconf 77' lang='lat' dir='ltr'>obstaculo</span> <span class='ocrx_word' id='word_1_78' title='bbox 1157 1830 1214 1934; x_wconf 87' lang='lat' dir='ltr'>H,</span> <span class='ocrx_word' id='word_1_79' title='bbox 1241 1851 1288 1914; x_wconf 93' lang='lat' dir='ltr'>ut</span> <span class='ocrx_word' id='word_1_80' title='bbox 1305 1831 1437 1916; x_wconf 80' lang='lat' dir='ltr'>radios</span> 
     </span>
     <span class='ocr_line' id='line_1_13' title="bbox 284 1950 1435 2068; baseline -0.005 -21"><span class='ocrx_word' id='word_1_81' title='bbox 284 1959 428 2047; x_wconf 84' lang='lat' dir='ltr'>vertici</span> <span class='ocrx_word' id='word_1_82' title='bbox 460 1954 652 2068; x_wconf 80' lang='lat' dir='ltr'>prismetis</span> <span class='ocrx_word' id='word_1_83' title='bbox 686 1952 844 2039; x_wconf 85' lang='lat' dir='ltr'>vicinos</span> <span class='ocrx_word' id='word_1_84' title='bbox 875 1951 1102 2058; x_wconf 86' lang='lat' dir='ltr'>intercidat,</span> <span class='ocrx_word' id='word_1_85' title='bbox 1146 1950 1266 2063; x_wconf 86' lang='lat' dir='ltr'>poffir</span> <span class='ocrx_word' id='word_1_86' title='bbox 1307 1954 1435 2042; x_wconf 82' lang='lat' dir='ltr'>riola·</span> 
     </span>
     <span class='ocr_line' id='line_1_14' title="bbox 280 2069 1436 2185; baseline -0.004 -14"><span class='ocrx_word' id='word_1_87' title='bbox 280 2108 397 2171; x_wconf 84' lang='lat' dir='ltr'>ceum</span> <span class='ocrx_word' id='word_1_88' title='bbox 423 2084 463 2170; x_wconf 82' lang='lat' dir='ltr'>dr</span> <span class='ocrx_word' id='word_1_89' title='bbox 485 2077 697 2168; x_wconf 78' lang='lat' dir='ltr'>ceruleum</span> <span class='ocrx_word' id='word_1_90' title='bbox 712 2073 868 2185; x_wconf 82' lang='lat' dir='ltr'>tollere,</span> <span class='ocrx_word' id='word_1_91' title='bbox 892 2078 932 2166; x_wconf 79' lang='lat' dir='ltr'>dr</span> <span class='ocrx_word' id='word_1_92' title='bbox 954 2069 1125 2183; x_wconf 88' lang='lat' dir='ltr'>efficere,</span> <span class='ocrx_word' id='word_1_93' title='bbox 1141 2099 1188 2163; x_wconf 92' lang='lat' dir='ltr'>ut</span> <span class='ocrx_word' id='word_1_94' title='bbox 1212 2077 1351 2165; x_wconf 81' lang='lat' dir='ltr'>viridis</span> <span class='ocrx_word' id='word_1_95' title='bbox 1370 2079 1436 2166; x_wconf 87' lang='lat' dir='ltr'>vel</span> 
     </span>
     <span class='ocr_line' id='line_1_15' title="bbox 279 2198 1434 2309; baseline -0.004 -14"><span class='ocrx_word' id='word_1_96' title='bbox 279 2208 406 2295; x_wconf 83' lang='lat' dir='ltr'>flavus</span> <span class='ocrx_word' id='word_1_97' title='bbox 433 2227 504 2293; x_wconf 82' lang='lat' dir='ltr'>aut</span> <span class='ocrx_word' id='word_1_98' title='bbox 535 2203 660 2291; x_wconf 80' lang='lat' dir='ltr'>etiem</span> <span class='ocrx_word' id='word_1_99' title='bbox 682 2198 819 2308; x_wconf 87' lang='lat' dir='ltr'>ruber,</span> <span class='ocrx_word' id='word_1_100' title='bbox 845 2200 979 2287; x_wconf 78' lang='lat' dir='ltr'>adeas</span> <span class='ocrx_word' id='word_1_101' title='bbox 999 2222 1133 2309; x_wconf 84' lang='lat' dir='ltr'>partes</span> <span class='ocrx_word' id='word_1_102' title='bbox 1150 2223 1307 2289; x_wconf 88' lang='lat' dir='ltr'>maneat</span> <span class='ocrx_word' id='word_1_103' title='bbox 1332 2208 1434 2291; x_wconf 87' lang='lat' dir='ltr'>erti-</span> 
     </span>
     <span class='ocr_line' id='line_1_16' title="bbox 278 2324 1431 2441; baseline -0.008 -16"><span class='ocrx_word' id='word_1_104' title='bbox 278 2362 383 2440; x_wconf 85' lang='lat' dir='ltr'>mus‚</span> <span class='ocrx_word' id='word_1_105' title='bbox 399 2332 533 2420; x_wconf 80' lang='lat' dir='ltr'>versus</span> <span class='ocrx_word' id='word_1_106' title='bbox 550 2358 648 2441; x_wconf 84' lang='lat' dir='ltr'>ques</span> <span class='ocrx_word' id='word_1_107' title='bbox 667 2324 855 2415; x_wconf 73' lang='lat' dir='ltr'>rebedtio</span> <span class='ocrx_word' id='word_1_108' title='bbox 871 2327 1091 2439; x_wconf 76' lang='lat' dir='ltr'>peragitur..</span> <span class='ocrx_word' id='word_1_109' title='bbox 1120 2326 1212 2413; x_wconf 91' lang='lat' dir='ltr'>Nec</span> <span class='ocrx_word' id='word_1_110' title='bbox 1230 2330 1431 2440; x_wconf 86' lang='lat' dir='ltr'>hypothe-</span> 
     </span>
     <span class='ocr_line' id='line_1_17' title="bbox 220 2451 1433 2575; baseline -0.002 -27"><span class='ocrx_word' id='word_1_111' title='bbox 220 2570 223 2575; x_wconf 74' lang='lat'><em>,</em></span> <span class='ocrx_word' id='word_1_112' title='bbox 280 2464 326 2548; x_wconf 79' lang='lat' dir='ltr'>sn</span> <span class='ocrx_word' id='word_1_113' title='bbox 340 2486 483 2548; x_wconf 85' lang='lat' dir='ltr'>eorum</span> <span class='ocrx_word' id='word_1_114' title='bbox 500 2459 630 2543; x_wconf 88' lang='lat' dir='ltr'>tutior</span> <span class='ocrx_word' id='word_1_115' title='bbox 653 2456 724 2560; x_wconf 85' lang='lat' dir='ltr'>est,</span> <span class='ocrx_word' id='word_1_116' title='bbox 749 2454 823 2566; x_wconf 89' lang='lat' dir='ltr'>qui</span> <span class='ocrx_word' id='word_1_117' title='bbox 841 2454 1070 2567; x_wconf 85' lang='lat' dir='ltr'>supponunt</span> <span class='ocrx_word' id='word_1_118' title='bbox 1092 2451 1315 2551; x_wconf 82' lang='lat' dir='ltr'>colorerer</span> <span class='ocrx_word' id='word_1_119' title='bbox 1332 2458 1433 2545; x_wconf 84' lang='lat' dir='ltr'>lucis</span> 
     </span>
    </p>

    <p class='ocr_par' dir='ltr' id='par_1_4' title="bbox 277 2577 1432 2945">
     <span class='ocr_line' id='line_1_18' title="bbox 280 2577 1432 2691; baseline -0.002 -19"><span class='ocrx_word' id='word_1_120' title='bbox 280 2580 665 2684; x_wconf 71' lang='lat' dir='ltr'>drumbraernisturd</span> <span class='ocrx_word' id='word_1_121' title='bbox 679 2581 883 2691; x_wconf 77' lang='lat' dir='ltr'>generari3</span> <span class='ocrx_word' id='word_1_122' title='bbox 905 2606 1000 2667; x_wconf 82' lang='lat' dir='ltr'>nam</span> <span class='ocrx_word' id='word_1_123' title='bbox 1017 2577 1154 2664; x_wconf 81' lang='lat' dir='ltr'>eaden</span> <span class='ocrx_word' id='word_1_124' title='bbox 1178 2578 1432 2670; x_wconf 80' lang='lat' dir='ltr'>videturesse</span> 
     </span>
     <span class='ocr_line' id='line_1_19' title="bbox 278 2704 1430 2822; baseline 0.002 -29"><span class='ocrx_word' id='word_1_125' title='bbox 278 2710 324 2797; x_wconf 89' lang='lat' dir='ltr'>in</span> <span class='ocrx_word' id='word_1_126' title='bbox 341 2734 483 2796; x_wconf 83' lang='lat' dir='ltr'>eorum</span> <span class='ocrx_word' id='word_1_127' title='bbox 498 2705 676 2794; x_wconf 88' lang='lat' dir='ltr'>confinio</span> <span class='ocrx_word' id='word_1_128' title='bbox 695 2704 872 2815; x_wconf 81' lang='lat' dir='ltr'>mistura,</span> <span class='ocrx_word' id='word_1_129' title='bbox 895 2708 974 2796; x_wconf 86' lang='lat' dir='ltr'>five</span> <span class='ocrx_word' id='word_1_130' title='bbox 992 2705 1117 2822; x_wconf 84' lang='lat' dir='ltr'>aliqui</span> <span class='ocrx_word' id='word_1_131' title='bbox 1134 2733 1184 2789; x_wconf 84' lang='lat' dir='ltr'>ex</span> <span class='ocrx_word' id='word_1_132' title='bbox 1200 2705 1319 2793; x_wconf 83' lang='lat' dir='ltr'>radiis</span> <span class='ocrx_word' id='word_1_133' title='bbox 1335 2732 1430 2797; x_wconf 83' lang='lat' dir='ltr'>ante</span> 
     </span>
     <span class='ocr_line' id='line_1_20' title="bbox 277 2829 1429 2945; baseline -0.001 -26"><span class='ocrx_word' id='word_1_134' title='bbox 277 2831 558 2921; x_wconf 68' lang='lat' dir='ltr'>refradtionem</span> <span class='ocrx_word' id='word_1_135' title='bbox 573 2832 702 2917; x_wconf 88' lang='lat' dir='ltr'>limite</span> <span class='ocrx_word' id='word_1_136' title='bbox 717 2833 761 2918; x_wconf 86' lang='lat' dir='ltr'><strong>H</strong></span> <span class='ocrx_word' id='word_1_137' title='bbox 778 2830 1083 2940; x_wconf 79' lang='lat' dir='ltr'>intercidantur,</span> <span class='ocrx_word' id='word_1_138' title='bbox 1109 2829 1188 2916; x_wconf 86' lang='lat' dir='ltr'>sive</span> <span class='ocrx_word' id='word_1_139' title='bbox 1206 2855 1346 2920; x_wconf 81' lang='lat' dir='ltr'>omnes</span> <span class='ocrx_word' id='word_1_140' title='bbox 1357 2860 1429 2945; x_wconf 87' lang='lat' dir='ltr'>per</span> 
     </span>
    </p>
   </div>
   <div class='ocr_carea' id='block_1_4' title="bbox 276 2953 782 3068">
    <p class='ocr_par' dir='ltr' id='par_1_5' title="bbox 276 2953 782 3068">
     <span class='ocr_line' id='line_1_21' title="bbox 276 2953 782 3068; baseline -0.008 -26"><span class='ocrx_word' id='word_1_141' title='bbox 276 2958 420 3068; x_wconf 79' lang='lat' dir='ltr'>prisma</span> <span class='ocrx_word' id='word_1_142' title='bbox 431 2956 554 3044; x_wconf 87' lang='lat' dir='ltr'>libere</span> <span class='ocrx_word' id='word_1_143' title='bbox 572 2953 782 3043; x_wconf 79' lang='lat' dir='ltr'>transeant.</span> 
     </span>
    </p>
   </div>
   <div class='ocr_carea' id='block_1_5' title="bbox 267 3205 1426 4323">
    <p class='ocr_par' dir='ltr' id='par_1_6' title="bbox 267 3205 1426 4194">
     <span class='ocr_line' id='line_1_22' title="bbox 329 3205 1426 3323; baseline 0.003 -27"><span class='ocrx_word' id='word_1_144' title='bbox 329 3213 613 3302; x_wconf 78' lang='lat' dir='ltr'>Herusnonr</span> <span class='ocrx_word' id='word_1_145' title='bbox 643 3205 765 3290; x_wconf 79' lang='lat' dir='ltr'>etiam</span> <span class='ocrx_word' id='word_1_146' title='bbox 805 3205 1042 3316; x_wconf 81' lang='lat' dir='ltr'><strong>hypotheses</strong></span> <span class='ocrx_word' id='word_1_147' title='bbox 1073 3239 1122 3297; x_wconf 81' lang='lat' dir='ltr'>err</span> <span class='ocrx_word' id='word_1_148' title='bbox 1150 3211 1237 3298; x_wconf 82' lang='lat' dir='ltr'>aliis</span> <span class='ocrx_word' id='word_1_149' title='bbox 1263 3215 1426 3323; x_wconf 82' lang='lat' dir='ltr'>experi-</span> 
     </span>
     <span class='ocr_line' id='line_1_23' title="bbox 271 3331 1426 3452; baseline 0.001 -24"><span class='ocrx_word' id='word_1_150' title='bbox 271 3341 418 3429; x_wconf 84' lang='lat' dir='ltr'>mentis</span> <span class='ocrx_word' id='word_1_151' title='bbox 436 3335 574 3451; x_wconf 80' lang='lat' dir='ltr'>paffin</span> <span class='ocrx_word' id='word_1_152' title='bbox 591 3331 895 3423; x_wconf 84' lang='lat' dir='ltr'>occurrentibus</span> <span class='ocrx_word' id='word_1_153' title='bbox 912 3340 1039 3422; x_wconf 88' lang='lat' dir='ltr'>everti</span> <span class='ocrx_word' id='word_1_154' title='bbox 1051 3336 1219 3452; x_wconf 83' lang='lat' dir='ltr'>possent,</span> <span class='ocrx_word' id='word_1_155' title='bbox 1241 3345 1367 3430; x_wconf 91' lang='lat' dir='ltr'>modo</span> <span class='ocrx_word' id='word_1_156' title='bbox 1384 3344 1426 3429; x_wconf 96' lang='lat' dir='ltr'>id</span> 
     </span>
     <span class='ocr_line' id='line_1_24' title="bbox 268 3454 1425 3582; baseline 0.004 -31"><span class='ocrx_word' id='word_1_157' title='bbox 268 3466 488 3557; x_wconf 78' lang='lat' dir='ltr'>constituto</span> <span class='ocrx_word' id='word_1_158' title='bbox 517 3491 611 3552; x_wconf 89' lang='lat' dir='ltr'>meo</span> <span class='ocrx_word' id='word_1_159' title='bbox 629 3454 884 3549; x_wconf 77' lang='lat' dir='ltr'>necessarium</span> <span class='ocrx_word' id='word_1_160' title='bbox 899 3461 1097 3552; x_wconf 85' lang='lat' dir='ltr'>ducerem.</span> <span class='ocrx_word' id='word_1_161' title='bbox 1152 3472 1425 3582; x_wconf 82' lang='lat' dir='ltr'>Quemadmo-</span> 
     </span>
     <span class='ocr_line' id='line_1_25' title="bbox 268 3588 1424 3709; baseline 0.001 -29"><span class='ocrx_word' id='word_1_162' title='bbox 268 3598 367 3680; x_wconf 91' lang='lat' dir='ltr'>dum</span> <span class='ocrx_word' id='word_1_163' title='bbox 384 3619 436 3681; x_wconf 84' lang='lat' dir='ltr'>ex</span> <span class='ocrx_word' id='word_1_164' title='bbox 459 3592 534 3678; x_wconf 88' lang='lat' dir='ltr'>illis</span> <span class='ocrx_word' id='word_1_165' title='bbox 554 3588 624 3677; x_wconf 92' lang='lat' dir='ltr'>ubi</span> <span class='ocrx_word' id='word_1_166' title='bbox 646 3589 778 3674; x_wconf 90' lang='lat' dir='ltr'>lucem</span> <span class='ocrx_word' id='word_1_167' title='bbox 804 3589 951 3699; x_wconf 85' lang='lat' dir='ltr'>partim</span> <span class='ocrx_word' id='word_1_168' title='bbox 970 3591 1121 3679; x_wconf 63' lang='lat' dir='ltr'>rededi</span> <span class='ocrx_word' id='word_1_169' title='bbox 1147 3593 1253 3704; x_wconf 82' lang='lat' dir='ltr'>posse</span> <span class='ocrx_word' id='word_1_170' title='bbox 1275 3600 1316 3685; x_wconf 80' lang='lat' dir='ltr'>dr</span> <span class='ocrx_word' id='word_1_171' title='bbox 1337 3623 1424 3709; x_wconf 85' lang='lat' dir='ltr'>par·</span> 
     </span>
     <span class='ocr_line' id='line_1_26' title="bbox 267 3714 1424 3818; baseline 0.003 -18"><span class='ocrx_word' id='word_1_172' title='bbox 267 3720 343 3801; x_wconf 87' lang='lat' dir='ltr'>rim</span> <span class='ocrx_word' id='word_1_173' title='bbox 373 3715 585 3802; x_wconf 82' lang='lat' dir='ltr'>transmitti</span> <span class='ocrx_word' id='word_1_174' title='bbox 611 3714 805 3799; x_wconf 85' lang='lat' dir='ltr'>docebam</span> <span class='ocrx_word' id='word_1_175' title='bbox 823 3747 834 3818; x_wconf 90' lang='lat'>;</span> <span class='ocrx_word' id='word_1_176' title='bbox 850 3741 955 3813; x_wconf 54' lang='lat' dir='ltr'>,nam</span> <span class='ocrx_word' id='word_1_177' title='bbox 979 3716 1050 3801; x_wconf 82' lang='lat' dir='ltr'>lux</span> <span class='ocrx_word' id='word_1_178' title='bbox 1071 3717 1283 3807; x_wconf 80' lang='lat' dir='ltr'>transmissa</span> <span class='ocrx_word' id='word_1_179' title='bbox 1304 3721 1424 3807; x_wconf 83' lang='lat' dir='ltr'>dabar</span> 
     </span>
     <span class='ocr_line' id='line_1_27' title="bbox 268 3825 1421 3951; baseline 0.008 -31"><span class='ocrx_word' id='word_1_180' title='bbox 268 3835 418 3921; x_wconf 78' lang='lat' dir='ltr'>flavum</span> <span class='ocrx_word' id='word_1_181' title='bbox 438 3825 703 3946; x_wconf 74' lang='lat' dir='ltr'>rubrumque,</span> <span class='ocrx_word' id='word_1_182' title='bbox 730 3838 853 3949; x_wconf 88' lang='lat' dir='ltr'>idque</span> <span class='ocrx_word' id='word_1_183' title='bbox 868 3838 911 3921; x_wconf 90' lang='lat' dir='ltr'>in</span> <span class='ocrx_word' id='word_1_184' title='bbox 927 3838 1155 3924; x_wconf 86' lang='lat' dir='ltr'>meditullio</span> <span class='ocrx_word' id='word_1_185' title='bbox 1178 3845 1275 3951; x_wconf 85' lang='lat' dir='ltr'>ejus,</span> <span class='ocrx_word' id='word_1_186' title='bbox 1303 3846 1372 3931; x_wconf 90' lang='lat' dir='ltr'>ubi</span> <span class='ocrx_word' id='word_1_187' title='bbox 1397 3874 1421 3929; x_wconf 78' lang='lat' dir='ltr'>a</span> 
     </span>
     <span class='ocr_line' id='line_1_28' title="bbox 268 3956 1422 4069; baseline -0.001 -20"><span class='ocrx_word' id='word_1_188' title='bbox 268 3959 382 4049; x_wconf 82' lang='lat' dir='ltr'>nuno</span> <span class='ocrx_word' id='word_1_189' title='bbox 407 3956 632 4069; x_wconf 84' lang='lat' dir='ltr'>quiescente</span> <span class='ocrx_word' id='word_1_190' title='bbox 656 3962 790 4045; x_wconf 88' lang='lat' dir='ltr'>medio</span> <span class='ocrx_word' id='word_1_191' title='bbox 816 3960 883 4047; x_wconf 87' lang='lat' dir='ltr'>vel</span> <span class='ocrx_word' id='word_1_192' title='bbox 909 3960 1084 4047; x_wconf 87' lang='lat' dir='ltr'>tenebris</span> <span class='ocrx_word' id='word_1_193' title='bbox 1119 3968 1422 4055; x_wconf 82' lang='lat' dir='ltr'>terminabatur.</span> 
     </span>
     <span class='ocr_line' id='line_1_29' title="bbox 268 4081 1423 4194; baseline 0.003 -21"><span class='ocrx_word' id='word_1_194' title='bbox 268 4089 333 4175; x_wconf 82' lang='lat' dir='ltr'>Sic</span> <span class='ocrx_word' id='word_1_195' title='bbox 348 4083 471 4172; x_wconf 85' lang='lat' dir='ltr'>etiarn</span> <span class='ocrx_word' id='word_1_196' title='bbox 484 4082 659 4170; x_wconf 80' lang='lat' dir='ltr'>maxime</span> <span class='ocrx_word' id='word_1_197' title='bbox 677 4081 796 4191; x_wconf 77' lang='lat' dir='ltr'>valet,</span> <span class='ocrx_word' id='word_1_198' title='bbox 811 4089 921 4194; x_wconf 90' lang='lat' dir='ltr'>quod</span> <span class='ocrx_word' id='word_1_199' title='bbox 947 4085 1099 4178; x_wconf 82' lang='lat' dir='ltr'>ostendi</span> <span class='ocrx_word' id='word_1_200' title='bbox 1126 4090 1303 4179; x_wconf 88' lang='lat' dir='ltr'>colorem</span> <span class='ocrx_word' id='word_1_201' title='bbox 1321 4089 1423 4177; x_wconf 87' lang='lat' dir='ltr'>lucis</span> 
     </span>
    </p>

    <p class='ocr_par' dir='ltr' id='par_1_7' title="bbox 773 4214 1421 4323">
     <span class='ocr_line' id='line_1_30' title="bbox 773 4214 1421 4323; baseline 0.011 -23"><span class='ocrx_word' id='word_1_202' title='bbox 773 4216 826 4323; x_wconf 57' lang='lat' dir='ltr'>rH</span> <span class='ocrx_word' id='word_1_203' title='bbox 854 4214 881 4301; x_wconf 92' lang='lat' dir='ltr'>h</span> <span class='ocrx_word' id='word_1_204' title='bbox 912 4238 933 4298; x_wconf 78' lang='lat' dir='ltr'>r</span> <span class='ocrx_word' id='word_1_205' title='bbox 1370 4246 1421 4307; x_wconf 76' lang='lat' dir='ltr'>er</span> 
     </span>
    </p>
   </div>
   <div class='ocr_carea' id='block_1_6' title="bbox 0 0 2034 5258">
    <p class='ocr_par' dir='ltr' id='par_1_8' title="bbox 0 0 2034 5258">
     <span class='ocr_line' id='line_1_31' title="bbox 0 0 2034 5258; baseline 0 10"><span class='ocrx_word' id='word_1_206' title='bbox 0 0 2034 5258; x_wconf 95' lang='lat' dir='ltr'> </span> 
     </span>
    </p>
   </div>
  </div>
 </body>
</html>
