4128 5240
317 264 564 463 netum.
646 360 1315 458 Rarntcrronrrus.
1418 348 1491 504 87

388 700 502 786 Can
534 720 576 779 a·
604 698 656 780 St
679 692 873 805 parallelis
889 691 1158 780 incidentibus
1178 692 1334 784 refrabli
1354 699 1403 784 ad
1421 702 1490 787 da·

331 848 421 914 tum
449 822 649 938 publium
686 847 949 937 convergunt,
976 829 1228 936 propolitum
1259 828 1363 915 nihil
1385 829 1491 919 secus

331 955 551 1070 exequaris,
579 976 667 1041 ute
683 981 801 1066 prop·
829 972 956 1064 patet.

388 1174 507 1259 Cns-
537 1198 576 1274 3.
605 1170 842 1287 Deniquesr
867 1173 1079 1287 divergant
1106 1171 1340 1281 incidentes,
1363 1178 1404 1266 8r
1427 1201 1490 1261 re·

333 1294 450 1384 fratri
466 1321 729 1410 convergant,
756 1300 966 1411 problema
981 1299 1150 1387 solidum
1162 1298 1231 1405 est,
1259 1300 1324 1386 sed
1340 1304 1389 1387 ad
1410 1301 1493 1414 pla·

335 1451 437 1509 num
467 1426 773 1536 quodammodo
800 1427 1003 1512 reducitur
1020 1425 1211 1534 fingendo
1230 1420 1495 1513 differentiam

331 1547 674 1663 refrangibilitatis
685 1551 843 1639 infinite
856 1579 1020 1663 parvam
1035 1545 1124 1654 effe,
1134 1578 1223 1667 quae
1233 1578 1327 1638 cum
1341 1550 1495 1661 {emper

335 1672 383 1758 lit
413 1676 635 1763 admodum
667 1676 826 1791 exigua,
850 1677 1094 1765 solutionem
1118 1704 1169 1762 ex
1194 1677 1268 1766 iste
1286 1672 1496 1787 hypothesi

334 1802 442 1890 haud
461 1801 658 1917 gravatim
674 1803 889 1891 exhibebo.

342 2106 346 2112 ,
390 2023 523 2108 Pone
542 2024 576 2107 F
592 2023 635 2107 R
649 2021 691 2106 X
719 2016 811 2135 (fig.
832 2026 907 2134 35)
934 2022 1092 2111 radium
1114 2016 1188 2107 effe
1206 2017 1401 2131 politione
1424 2019 1495 2105 da·

335 2163 441 2253 tum,
467 2148 509 2235 br
532 2148 666 2235 radios
689 2151 723 2234 F
739 2155 772 2234 P
787 2152 843 2261 X,
879 2151 965 2239 FT
981 2152 1023 2237 X
1058 2146 1259 2264 (quorum
1284 2145 1383 2235 datae
1404 2143 1498 2234 sunt

335 2269 496 2396 finuum
518 2276 743 2364 incidentia
769 2282 808 2365 81
835 2274 1090 2364 refrablionis
1115 2272 1312 2380 rationes)
1339 2273 1500 2385 putretis

334 2400 423 2488 1²&
438 2402 480 2485 X
508 2399 797 2486 interserendos
825 2398 916 2485 effe.
972 2402 1065 2507 Jam
1094 2400 1195 2487 alios
1217 2398 1342 2485 etiam
1367 2398 1501 2488 radios

335 2550 450 2631 eque
481 2521 756 2633 refrangibiles
785 2549 831 2609 ac
860 2526 992 2612 radios
1019 2525 1110 2630 FP,
1137 2523 1223 2608 FT
1239 2521 1347 2631 finge
1361 2523 1500 2613 socun-

339 2647 440 2730 dum
463 2646 610 2728 lineam
639 2649 732 2728 FR
759 2645 948 2750 incidere,
974 2652 1013 2733 8r
1026 2644 1371 2729 terraemotum
1393 2651 1434 2729 R
1449 2653 1504 2751 Ο,

339 2772 435 2859 RK
462 2764 561 2877 (ope
575 2792 690 2876 prop.
709 2765 858 2871 tertie)
884 2766 1074 2873 describe,
1099 2788 1314 2876 contraque
1342 2767 1504 2852 radiati·
1669 2772 1673 2795 '

339 2922 468 2985 onum
498 2896 534 2980 Y
555 2897 595 2981 81
610 2893 648 2978 Z
675 2893 769 3002 (per
793 2918 913 3006 prop.
931 2897 996 3003 8.)
1023 2919 1168 3010 quere,
1194 2921 1241 2979 ac
1263 2892 1386 3002 junge
1408 2893 1444 2976 Y
1459 2895 1501 2978 X

339 3056 386 3119 ac
405 3029 495 3114 ZX
512 3020 747 3137 refringenti
763 3045 1019 3112 occurrentes
1036 3026 1080 3113 in
1103 3029 1136 3111 P
1151 3053 1197 3112 ac
1212 3024 1255 3112 T
1258 3082 1271 3106 .
1317 3022 1424 3109 Dico
1442 3021 1504 3108 fa·

343 3154 469 3242 bium.
525 3153 687 3262 Nempe
720 3154 798 3238 FP
814 3153 869 3257 X,
909 3154 942 3238 F
958 3152 1001 3239 T
1018 3154 1061 3238 X
1103 3146 1177 3239 elle
1214 3149 1360 3255 radios,
1396 3177 1504 3262 quos

340 3279 526 3394 oportuit
549 3278 763 3392 designare.
818 3280 1058 3386 Nemeum
1080 3307 1130 3365 ex
1146 3274 1370 3392 hypothefi,
1392 3273 1503 3364 diffe-

339 3409 470 3495 rentia
498 3405 853 3520 refrangibilitatis,
894 3407 1077 3521 adeoque
1117 3405 1298 3493 distantia
1330 3404 1504 3517 pundo·

340 3562 433 3620 rum
460 3536 516 3643 T,
554 3540 595 3623 R
633 3538 673 3623 dr
696 3536 742 3640 Ρ,
769 3530 817 3620 srt
839 3533 1049 3621 indefinite
1075 3560 1211 3644 parva,
1248 3533 1405 3621 constat
1429 3534 1506 3619 ho·

342 3656 1510 3879 ld‘dlllll030lltlllllllllllllllg?

420 3831 434 3875 9
1486 3814 1508 3833 '
1569 3818 1578 3823 “

347 3925 407 4004 re,
427 3893 533 3979 reae
551 3896 607 3980 ita
631 3896 888 3983 determinari
906 3893 1066 3980 radium
1088 3896 1178 3981 PX
1195 3918 1265 4006 per
1290 3895 1391 3981 radii
1408 3900 1449 3981 R
1465 3900 1507 3978 O·

346 4038 532 4109 nentrum
565 4019 798 4110 radiationis
823 4017 1083 4110 tranliturum
1106 4015 1197 4128 elle,
1232 4019 1361 4131 deque
1393 4013 1509 4101 radio

350 4146 392 4237 T
408 4145 451 4234 X
463 4168 535 4257 per
551 4141 608 4230 est
620 4143 741 4230 ratio.

1326 4251 1503 4361 Verrunt
