4028 5252
302 314 1301 492 mnuummmwmm'
1399 372 1469 514 ῃ

310 610 354 693 A
368 603 407 687 C
423 599 484 684 B:
512 592 657 681 scilicet
683 591 732 677 ad
760 589 957 703 putidum
978 585 1204 676 incidentia
1235 587 1278 673 X
1296 586 1474 699 erigatur

310 721 649 839 perpendicularis
665 723 708 806 H
722 722 778 827 X,
805 718 884 804 erit
908 718 1001 802 HX
1017 718 1054 801 Y
1071 713 1240 823 angulus
1269 712 1474 802 retractio

148 856 152 863 ’
302 859 366 944 nis
383 859 434 942 ad
451 853 700 968 superficiem
720 856 759 937 Α
776 852 827 935 C.
881 852 1011 933 Porto
1035 846 1272 933 demittatur
1288 850 1327 931 C
1343 853 1364 932 Ι
1383 873 1471 956 per·

172 1046 176 1053 -
302 982 576 1095 pendicularis
605 980 649 1065 in
674 978 832 1063 radium
856 976 898 1057 X
913 974 962 1078 Y,
989 978 1030 1062 8(
1053 973 1123 1058 ista
1141 972 1328 1060 bisccabit
1345 999 1470 1083 angu-

304 1108 393 1193 lum
410 1111 447 1193 Υ
465 1109 503 1193 C
520 1109 577 1214 X,
604 1124 817 1217 propterea
834 1100 947 1211 quod
965 1096 1213 1209 triangulum
1232 1100 1269 1182 Y
1285 1099 1378 1183 CX
1394 1097 1471 1202 (ob

301 1232 573 1345 equalitatem
609 1224 861 1316 refradionis
890 1224 933 1307 in
980 1225 1021 1307 X
1040 1226 1078 1312 8(
1095 1227 1152 1330 Υ)
1194 1224 1254 1308 vstt
1281 1222 1466 1310 isosceles.

306 1359 415 1444 Dico
446 1357 599 1469 itaque,
635 1356 749 1470 quod
777 1348 918 1462 anguli
935 1351 980 1435 H
993 1352 1034 1433 X
1051 1352 1087 1434 Y
1111 1352 1149 1436 8(
1165 1349 1186 1430 Ῑ
1202 1353 1240 1435 C
1256 1352 1297 1433 X
1313 1378 1468 1463 aequan·

307 1504 400 1571 tur:
444 1487 555 1571 Nam
594 1507 685 1591 ang.
721 1480 824 1565 AX
849 1480 954 1562 Y:
984 1502 1075 1587 ang.
1109 1479 1466 1571 XIC-l-ICX

296 1612 397 1723 (pet
437 1637 501 1723 32·
536 1639 572 1696 r.
605 1607 762 1715 Elem.)
807 1602 871 1690 sed
904 1604 1041 1717 anguli
1076 1609 1115 1689 A
1130 1602 1170 1687 X
1185 1606 1227 1689 H
1259 1603 1297 1688 8(
1333 1605 1373 1686 X
1391 1604 1410 1684 I
1427 1607 1467 1689 C

300 1740 392 1826 sunt
416 1741 529 1831 resti.
563 1745 677 1850 Ergo
694 1734 836 1826 residui
854 1736 898 1821 H
910 1737 1004 1821 XY
1022 1738 1062 1824 8(
1080 1735 1156 1821 IC
1176 1735 1216 1819 X
1243 1756 1463 1843 aquantur.
1493 1802 1497 1809 .

297 1872 490 1980 unu
975 1999 980 2007 Ι

605 2111 1141 2221 LEMMAH.

350 2367 554 2468 Annine,
580 2362 760 2446 siradius
780 2363 958 2448 incidens
973 2366 1011 2445 O
1025 2364 1068 2445 X
1084 2365 1122 2449 8(
1136 2384 1345 2471 emergens
1363 2358 1400 2444 Y
1416 2358 1459 2444 N

285 2484 503 2569 indefinite
520 2484 796 2590 producantur
814 2505 1067 2571 occurrentes
1076 2487 1118 2569 in
1134 2493 1189 2589 G,
1207 2490 1247 2572 8(
1260 2508 1461 2593 praterea,

295 2602 330 2683 sr
359 2603 469 2684 resia
495 2604 650 2709 quaevis
678 2612 720 2687 K
736 2610 773 2684 L
798 2604 1011 2687 horizonti
1039 2606 1223 2710 parallelo
1244 2609 1363 2688 radiis
1381 2607 1464 2691 istis

295 2724 535 2834 trajiciatur,
573 2725 821 2813 constituens
851 2723 1099 2834 triangulum
1116 2731 1160 2814 G
1175 2733 1216 2813 K
1228 2729 1280 2833 L,
1301 2728 1353 2832 8(,
1371 2754 1465 2815 cum

295 2848 494 2938 refractus
510 2851 647 2936 radrus
667 2855 766 2938 YN
781 2855 911 2941 tendit
929 2850 1093 2962 sursum,
1120 2853 1149 2940 fi
1167 2853 1321 2939 summa
1337 2879 1464 2966 angu-

288 2978 433 3064 lorum
463 2979 557 3067 LX
576 2977 618 3062 X
637 2980 675 3067 8(
693 2982 783 3066 XL
800 2982 836 3065 Y
866 2977 1060 3087 sumatur,
1093 3000 1167 3067 aut
1189 3004 1334 3066 eorum
1348 2978 1461 3068 diffe-
1489 3020 1491 3024 ⁸

292 3107 442 3216 rencia,
469 3133 565 3194 curn
596 3104 667 3191 iste
690 3109 784 3194 YN
808 3107 940 3194 tendit
965 3105 1171 3196 deorsum:
1199 3108 1320 3220 Dico,
1339 3112 1460 3223 quod

290 3230 403 3320 ..illius
418 3232 581 3319 summae
609 3232 676 3319 vel
708 3231 942 3323 differentia
982 3234 1212 3340 dimidium,
1245 3266 1327 3324 una
1361 3264 1460 3327 cum

297 3358 448 3473 angulo
476 3356 728 3449 retractionis
759 3366 801 3449 H
814 3364 857 3446 X
871 3364 923 3467 Y,
944 3362 1168 3474 aequabitut
1187 3364 1338 3476 angulo
1356 3366 1458 3455 inci·

297 3486 440 3573 dentiae
471 3489 513 3572 H
529 3488 570 3570 X
582 3490 636 3571 G.
691 3488 804 3573 Nam
831 3484 940 3577 dicta
964 3484 1115 3575 surnma
1141 3488 1208 3573 vel
1233 3484 1456 3579 differentia
1553 3594 1559 3601 ‚

292 3639 483 3727 equatur
507 3614 658 3728 angulo
688 3618 735 3701 N
753 3622 792 3702 G
811 3622 852 3703 1<
871 3611 970 3728 (per
985 3644 1053 3724 32·
1071 3642 1107 3699 1.
1124 3616 1274 3727 Elem.)
1301 3618 1380 3710 hoc
1397 3620 1456 3707 est

286 3746 451 3852 angulis
468 3747 566 3848 GX
585 3746 686 3843 Y-l-
700 3750 739 3832 G
755 3747 791 3831 Y
805 3748 861 3854 X,
878 3749 930 3854 8(,
945 3772 1038 3833 cum
1054 3745 1302 3861 triangulum
1317 3752 1455 3838 GYX

291 3863 347 3951 srt
365 3867 552 3975 isosceles,
587 3870 704 3957 dicta
729 3872 888 3960 summae
908 3872 973 3959 vel
994 3865 1225 3960 differentia
1239 3876 1453 3962 dimidium
1497 3991 1499 3994 ⁴
1603 3938 1607 3941 -

284 3994 519 4108 ¹aequabitur
538 3999 687 4107 angulo
713 3997 884 4087 refrado
900 4005 942 4087 G
957 4003 998 4088 X
1014 4002 1064 4112 Y,
1090 4005 1163 4117 qui
1184 4033 1278 4092 cum
1299 3996 1451 4108 angulo
1515 4010 1521 4019 '

286 4119 545 4360 {235⁰ss
569 4123 662 4210 YX
677 4129 725 4214 Η
751 4126 972 4216 ‘ffistllull
996 4132 1190 4243 angulum
1217 4120 1451 4214 incidentiae.

795 4368 842 4448 >G
872 4390 893 4447 a
1357 4363 1475 4452 uus
1541 4447 1546 4457 .
