4028 5252
324 388 449 501 sen.
484 377 546 486 11.
650 356 1250 482 Rtrnnerrouuu.
1424 402 1493 514 55

325 608 618 716 contiguorum
631 592 887 682 refrabliones
902 591 1127 680 eliciantur.
1178 592 1302 703 Quod
1322 592 1414 685 satis
1434 600 1492 689 est

327 730 562 848 ingratiam
584 723 705 839 primi
726 721 847 830 casos,
874 722 925 806 de
947 715 1253 811 refrablionibus
1280 722 1492 813 dimetien-

326 868 401 967 dis,
426 886 521 948 cum
549 856 593 942 in
617 852 761 938 eodem
778 849 973 961 quopiam
998 848 1205 937 radiorum
1235 875 1380 961 genere
1398 882 1491 964 pro-

324 991 459 1104 portio
497 986 603 1071 finus
643 977 867 1066 incidentiae
903 978 942 1064 8r
995 972 1244 1067 refrabbionis
1286 983 1488 1092 quaeritur,

325 1109 546 1202 ostendisse.

328 1460 585 1573 XXXVII.
627 1448 889 1568 Radiorum
915 1448 1106 1597 diversi
1114 1456 1303 1600 generis
1334 1455 1489 1600 refra-

396 1626 563 1733 c‘iionrs
587 1610 900 1761 conseruntur,
931 1607 997 1731 θ’
1014 1618 1233 1725 maxime
1249 1613 1487 1770 rcsrangi.

393 1780 593 1898 bilitatr's
620 1771 887 1935 dffrentia
911 1778 1242 1931 investigatur.

376 2040 763 2140 Pnoanursnnus
797 2030 854 2118 est
878 2032 959 2142 jam
977 2030 1077 2121 alter
1096 2031 1218 2143 casus,
1244 2032 1318 2121 ubi
1373 2032 1486 2120 hete-

321 2196 589 2283 rogeneorum
605 2167 811 2253 radiorum
830 2161 1087 2279 refraRiones
1106 2164 1353 2252 conferendo
1380 2162 1493 2252 sunt.

319 2298 442 2406 Quod
472 2319 610 2387 autent
639 2293 746 2379 finus
776 2288 1025 2379 retraetionis
1053 2292 1243 2403 cujusque
1277 2293 1484 2377 radiorum

318 2423 475 2535 generis
504 2419 555 2502 srt
578 2417 629 2498 ad
649 2418 778 2499 sanum
803 2413 1028 2498 incidentiae
1047 2414 1090 2496 in
1114 2416 1210 2500 datb
1224 2418 1401 2529 quidam
1424 2441 1485 2498 ra·

318 2547 447 2648 tione,
472 2539 645 2645 experiri
661 2533 782 2646 pollrs
807 2535 1055 2621 dimetiendo
1070 2537 1325 2624 refraniones
1349 2536 1484 2646 fingu-

320 2664 457 2745 lorum
472 2657 736 2762 insigniorum
751 2679 958 2759 generum,
993 2659 1105 2758 iuxta
1118 2655 1247 2740 varias
1269 2658 1493 2759 obliquita=

321 2806 383 2872 tes
409 2783 451 2868 in
474 2775 652 2868 medium
679 2773 848 2887 aliquod
876 2771 1099 2881 refringens
1123 2774 1278 2859 seorsim
1303 2773 1486 2869 incident

315 2910 437 3015 tiunr,
465 2902 594 2990 veluti
615 2901 828 3013 inaquam
851 2898 1008 3014 (adfig.
1032 2900 1104 3009 15)
1129 2902 1173 2987 in
1197 2900 1285 2988 vale
1301 2900 1486 3011 stagnan-

314 3059 415 3142 tem,
442 3026 509 3121 vel
538 3027 582 3117 in
609 3028 796 3140 prismata
825 3029 970 3140 vitrea,
1006 3056 1186 3144 quorum
1213 3028 1373 3117 diversa
1407 3030 1483 3120 furt

316 3160 564 3278 quantitates
617 3154 863 3268 angulorum
911 3158 1180 3247 verticalium.
1246 3161 1359 3245 Nam
1408 3186 1491 3273 per

315 3312 446 3377 unnnr
462 3281 603 3396 prisma
619 3280 903 3393 proportiones
924 3281 1082 3373 sinuum
1099 3288 1150 3372 ad
1175 3284 1325 3397 fingula
1347 3285 1488 3371 radio·-

240 3408 243 3413 “
315 3442 409 3501 rum
434 3435 581 3524 genera
612 3408 850 3520 investigare
878 3408 1011 3522 polsrs,
1037 3436 1161 3527 prout
1185 3412 1410 3501 ostenditur
1425 3414 1484 3500 ad*

316 3539 386 3654 fig.
405 3542 471 3646 16,
497 3536 642 3624 deinde
664 3564 733 3653 per
762 3535 838 3620 alia
857 3538 1042 3648 prismata
1069 3540 1156 3647 (vel
1180 3542 1351 3652 ejusdem
1378 3540 1475 3653 pris·

315 3665 434 3754 matis
451 3662 551 3750 alios
571 3660 637 3747 seu
648 3664 824 3750 minores
842 3662 909 3751 seu
925 3670 1095 3777 majores
1112 3669 1303 3782 angulos)
1328 3667 1474 3781 exqui-

316 3818 416 3896 rere,
442 3815 494 3873 an
512 3789 660 3877 eedem
685 3792 969 3903 proportiones
990 3796 1032 3882 in
1052 3793 1140 3881 aliis
1163 3794 1472 3908 obliquitatibus

318 3910 553 3998 obveniant.
605 3923 745 4028 Atque
765 3918 822 4002 ita
847 3914 1211 4023 (observationibus
1227 3918 1469 4010 accuratiffi·

317 4064 386 4127 me
414 4031 548 4145 fabiis)
589 4039 703 4127 sunul
734 4044 946 4158 constabit,
990 4046 1245 4138 refraliiones
1278 4045 1469 4159 cujusque

315 4162 472 4283 generis
496 4162 700 4255 radiorum
720 4168 938 4265 secundun
963 4196 1090 4268 certas
1111 4178 1286 4270 rationes
1307 4173 1468 4257 sinuum

1310 4292 1475 4414 peragi,

1708 2756 1715 2813 ,Ι
1762 2724 1772 2738 .
