4058 5258
327 372 451 479 seer.
491 359 550 467 ΙΙ.
590 359 865 464 Cotouutr
903 364 1304 469 Pnaauomms.
1380 391 1486 515 257

331 575 1486 699 rataeterminireuirinei(inquibusnurtamerchereroge-

330 741 501 805 aeorum
513 709 716 793 radiorum
724 703 1022 790 commisturam
1039 705 1232 811 iudicavi)
1250 717 1485 820 praecaeteris
1533 752 1536 759 ·

328 842 518 928 omnibus
555 829 724 936 obicitis
739 827 914 914 distineri
931 829 1129 915 mediante
1149 833 1333 942 prismate
1366 865 1484 951 appa·

329 987 457 1052 reant.
512 965 568 1044 Et
586 955 634 1039 src
651 954 787 1039 musca
806 951 995 1041 &iimilia
1011 955 1208 1065 animalia,
1236 986 1327 1044 cum
1347 961 1389 1046 in
1416 991 1483 1049 ru·

329 1090 407 1175 bei
424 1085 489 1170 vel
505 1084 580 1167 alia
595 1079 740 1190 quivis
759 1079 846 1164 luce
864 1077 1043 1189 srmpliei,
1071 1081 1321 1189 prismatibus
1335 1085 1484 1197 eliciti,

330 1217 566 1315 statuantur,
593 1205 886 1296 transvidentur
905 1205 1024 1293 solito
1041 1209 1317 1297 distintiiores.
1354 1218 1483 1325 Quin·

246 1418 252 1425 .
331 1343 452 1425 etiam
469 1335 607 1422 oculus
627 1331 884 1442 Engyscopio
909 1356 1098 1439 armatus,
1125 1340 1272 1447 omnia,
1300 1337 1375 1427 hac
1394 1340 1482 1428 luce

329 1462 496 1574 simplici
539 1461 743 1564 illustrata,
789 1458 1034 1546 distinuiora
1071 1462 1209 1548 cernit.
1279 1465 1328 1548 Id
1369 1468 1483 1577 quod

329 1594 525 1705 insignem
549 1593 593 1677 in
627 1589 968 1699 contemplatione
1007 1584 1248 1676 institorum
1284 1591 1348 1677 vel
1386 1594 1481 1680 alia·

324 1745 422 1817 ⁸rum
438 1742 583 1803 ‘rerum
609 1715 849 1801 naturalium
877 1734 1043 1798 textura
1073 1738 1150 1823 pra
1174 1715 1211 1798 se
1241 1718 1355 1802 usum
1379 1714 1481 1805 ferre

331 1842 476 1953 potest.

382 2099 446 2184 Ire
467 2093 587 2181 tertii
603 2090 874 2202 propositione
897 2090 1011 2201 supra
1034 2092 1083 2175 de
1098 2090 1369 2201 phanomenis
1385 2096 1478 2208 qui.

327 2226 490 2314 busdam
503 2217 676 2324 differtui,
703 2218 774 2304 ubi
792 2220 816 2304 ὲ
836 2218 953 2303 radiis
973 2218 1024 2301 ad
1048 2219 1332 2331 refringentem
1348 2223 1479 2334 super-

327 2351 458 2440 ficiem
482 2345 685 2458 aqualiter
712 2344 912 2429 inclinatis
935 2343 1069 2454 aliqua
1093 2368 1237 2453 genera
1262 2348 1479 2453 pervasere,

327 2478 425 2559 dum
442 2473 519 2555 alia
540 2469 700 2579 penitus
718 2465 1045 2574 reflestebantur3
1072 2471 1110 2554 81
1127 2467 1201 2552 illis
1212 2463 1348 2554 affinia
1371 2498 1478 2582 qua·

328 2601 421 2684 darn
435 2592 718 2703 jamattingere
730 2615 1004 2701 opportunum
1024 2594 1141 2677 duco.
1168 2593 1265 2679 Esto
1284 2598 1310 2676 S
1328 2594 1478 2705 speira-

326 2720 429 2808 toris
452 2716 606 2821 oculus,
634 2741 719 2827 quo
742 2714 871 2801 lucem
898 2749 921 2803 a
948 2719 1122 2803 nubibus
1147 2716 1217 2801 sub
1238 2717 1308 2801 dio
1332 2718 1499 2829 ingres--

326 2847 407 2933 sam
423 2843 587 2955 pianum
614 2843 647 2925 F
664 2846 702 2924 G
730 2838 820 2949 (fig.
835 2844 925 2950 48.)
953 2840 1139 2927 reflexam
1161 2870 1185 2926 a
1203 2841 1322 2952 plano
1338 2847 1381 2928 H
1399 2849 1419 2930 Ι
1435 2848 1477 2933 81

326 2974 447 3083 piano
473 2973 503 3053 F
523 2969 567 3053 H
586 2962 793 3075 regteffam
816 2966 991 3078 excipit;
1032 2971 1072 3056 8(
1097 2996 1189 3055 curn
1208 2969 1349 3077 prisma
1366 2997 1476 3058 com.

325 3098 447 3182 mode
468 3093 653 3180 statuitur
681 3093 752 3199 ita,
776 3110 825 3172 ut
855 3092 1060 3175 radiorum
1091 3099 1114 3180 ὲ
1141 3095 1353 3180 medietate
1378 3097 1475 3181 basis

324 3224 409 3309 HI
432 3217 564 3306 versus
590 3212 754 3300 oculum
783 3208 1022 3297 reflexorum
1056 3219 1225 3328 angulus
1249 3217 1474 3306 reflexionis

324 3350 372 3436 stt
398 3348 507 3461 quast
537 3366 586 3449 50
603 3371 664 3457 gr.
685 3366 775 3451 pars
799 3341 1023 3448 proximior
1050 3342 1146 3430 bafis
1171 3348 1381 3433 remotiori
1401 3349 1475 3433 ali·

323 3499 520 3588 quantum
549 3471 754 3557 obscurior
781 3467 998 3576 videbitur,
1026 3471 1338 3586 &inutriusque
1350 3476 1476 3585 partis

323 3600 495 3685 confinia
511 3596 666 3681 fimbria
681 3593 791 3705 quast
811 3600 850 3678 D
867 3600 901 3679 E
920 3593 1161 3680 subcaerulei
1185 3601 1330 3683 coloris
1352 3625 1474 3708 appa·

324 3721 439 3805 rebit.
494 3725 649 3833 Utpote
668 3748 762 3803 eum
783 3719 898 3824 radii,
923 3721 995 3828 qui
1020 3747 1043 3800 a
1069 3723 1277 3804 remotiori
1295 3747 1407 3831 parte
1423 3727 1474 3809 ad

322 3843 485 3959 oculum
505 3842 777 3948 refleEtuntuq
809 3842 1013 3954 obliquius
1046 3842 1238 3952 incidant,
1261 3876 1383 3958 quam
1399 3846 1472 3955 qui

322 4002 373 4060 eo
393 3966 568 4053 refiliunt
588 3996 610 4050 a
630 3990 740 4077 parte
757 3971 1015 4078 proximiori,
1041 3973 1129 4055 talis
1142 3975 1273 4083 potest
1288 3973 1471 4080 affignari

321 4116 463 4185 eorum
477 4090 581 4177 circa
593 4091 772 4179 medium
791 4088 888 4177 bafis
906 4094 1140 4206 obliquitas,
1169 4118 1214 4180 ut
1239 4091 1473 4203 eproximi·

830 4220 868 4303 L
893 4219 910 4305 l
1333 4216 1471 4308 oribus
