4028 5252
527 375 598 493 24
684 350 1084 455 Rnuronuu
1119 338 1447 452 Drrnnrn
1513 352 1614 462 Par.
1652 356 1687 465 s,
1724 492 1794 507 Η

525 571 625 663 Fad
643 567 775 654 radios
786 563 937 653 direlle
961 562 1207 675 respicientia
1224 560 1462 678 supponam,
1488 561 1588 655 licet
1603 596 1689 659 noa

527 696 702 783 multum
728 688 861 797 refert,
889 718 940 776 an
969 689 1063 776 srtus
1089 716 1233 775 eorum
1256 685 1303 775 stt
1321 714 1463 799 parum
1482 686 1694 806 obliquus,

527 844 575 911 ut
594 822 637 908 in
656 820 834 931 appofiti
851 814 979 928 figuti
995 814 1104 904 noni
1121 811 1274 905 facum
1296 810 1365 903 est.

580 1170 712 1277 XIX.
753 1162 1140 1311 Experimtnrum
1163 1158 1295 1309 istud
1312 1188 1633 1309 promovetur.

584 1428 747 1511 Ponno
769 1412 796 1499 sr
815 1416 856 1502 in
875 1418 952 1505 hoc
974 1417 1253 1529 experimento
1278 1442 1501 1504 convexam
1536 1418 1688 1511 lentem

530 1575 576 1639 ut
592 1551 702 1662 prius
719 1544 962 1651 adhibueris,
988 1548 1103 1651 cuius
1119 1542 1234 1631 focus
1250 1545 1299 1631 ad
1322 1545 1540 1658 Imaginem
1565 1552 1689 1661 cadit,

530 1679 727 1767 foramine
760 1676 793 1757 F
822 1672 872 1774 (sr
894 1670 1043 1780 placet)
1069 1670 1253 1778 dilatato,
1279 1673 1348 1759 vel
1372 1702 1499 1786 opaco
1516 1705 1685 1789 corpore

531 1808 626 1895 EG
661 1795 817 1913 prorsus
839 1791 988 1903 ablato,
1017 1816 1063 1878 ut
1083 1796 1184 1881 radii
1214 1824 1285 1909 per
1318 1798 1498 1889 foramen
1531 1804 1688 1915 longin-

532 1960 664 2050 quum
671 1929 712 2036 f
729 1923 986 2010 solummodo
1016 1923 1229 2036 transeant,
1255 1925 1558 2036 &,s1soramen
1585 1933 1688 2021 illud

524 2062 563 2170 f
583 2051 756 2141 effeceris
789 2045 993 2159 angustius
1018 2076 1142 2162 quam
1173 2073 1302 2162 antea,
1328 2058 1477 2143 ceteris
1510 2081 1558 2144 ut
1577 2060 1687 2172 prius

531 2178 737 2285 stantibus,
755 2174 973 2284 imaginem
988 2176 1105 2263 vaide
1114 2177 1334 2290 oblongam
1352 2185 1390 2271 8<
1408 2210 1483 2294 pro
1501 2184 1682 2297 longitu-

533 2315 627 2399 dine
647 2305 883 2394 lucidiorem
895 2301 1049 2390 videbis
1065 2333 1190 2419 quam
1208 2308 1249 2393 in
1258 2309 1348 2394 casu
1363 2312 1501 2421 priori.
1538 2296 1687 2401 Exem-

531 2439 592 2552 pli
606 2434 748 2550 gratii,
766 2428 795 2513 fi
810 2431 1004 2517 diameter
1017 2428 1100 2519 foci
1115 2431 1161 2518 srt
1175 2460 1263 2543 pars
1281 2434 1401 2545 digiti
1417 2437 1633 2550 vigessima,
1647 2443 1689 2527 8(

531 2566 562 2653 st
581 2561 747 2676 pedibus
773 2558 825 2646 ab
843 2558 938 2644 inde
954 2556 1171 2645 duodecim
1200 2558 1342 2670 prifina
1371 2591 1466 2651 cum
1488 2566 1593 2653 lente
1609 2562 1689 2651 dis.

530 2694 719 2808 posueris,
763 2686 918 2776 videbis
944 2685 1242 2798 longitudinem
1267 2688 1453 2802 imaginis
1481 2691 1691 2813 plusquam

533 2822 742 2929 ostoginta
772 2814 839 2904 vel
867 2835 1032 2904 centum
1061 2814 1219 2902 vicibus
1247 2815 1459 2900 latitudine
1482 2822 1689 2922 majorem.

533 2946 613 3031 Sed
643 2946 685 3027 in
716 2937 779 3025 his
812 2939 1060 3049 experiendis
1078 2956 1241 3048 oportet
1255 2934 1485 3022 cubiculum
1507 2964 1689 3052 quaqua-

533 3066 666 3156 versus
690 3065 790 3152 bene
821 3068 1055 3153 obturatum
1083 3061 1172 3172 esse,
1199 3089 1249 3148 ne
1273 3062 1343 3149 lux
1358 3059 1453 3148 alibi
1474 3091 1597 3177 quam
1618 3092 1690 3178 per

534 3198 713 3287 foramen
732 3190 956 3310 fingressa
993 3195 1206 3307 perturbet
1238 3191 1470 3305 imaginem,
1515 3196 1689 3302 &juxta

534 3327 743 3417 circulares
777 3327 860 3435 ejus
894 3326 1171 3412 extremitates
1201 3319 1406 3410 obscuram
1442 3326 1602 3413 reddat:
1632 3328 1688 3412 Et

533 3481 732 3573 praterea,
760 3458 788 3545 fi
804 3454 1024 3571 superficies
1043 3454 1241 3564 prismatir
1258 3454 1333 3543 srnt
1353 3479 1534 3545 accurate
1551 3454 1689 3566 plana,

534 3591 687 3702 praestat
704 3589 894 3677 adhibere
912 3588 1078 3695 lentem,
1105 3611 1195 3697 quae
1227 3583 1363 3673 focum
1387 3586 1437 3670 ad
1459 3583 1687 3670 distantiam

534 3741 721 3826 magnam
752 3714 924 3823 projicit,
966 3734 1065 3824 puta
1084 3712 1134 3796 ad
1171 3738 1217 3794 12
1241 3710 1306 3796 vel
1325 3737 1378 3795 20
1400 3709 1533 3821 pedes,
1560 3709 1686 3797 modo

535 3837 615 3922 loci
644 3837 870 3945 amplitudo
888 3837 1000 3944 smar,
1027 3865 1112 3951 quo
1141 3837 1261 3947 pasto
1292 3839 1342 3921 de
1359 3835 1688 3946 proportionibus

532 3965 722 4077 imaginis
742 3967 885 4053 melius
902 3966 1096 4076 judicium
1123 3968 1308 4079 proferas.
1363 3965 1487 4077 Quod
1521 3962 1687 4054 filatera

534 4096 737 4213 prifinatis
767 4096 842 4183 srnt
870 4094 1168 4210 aliquantulum
1204 4122 1398 4208 convexa,
1442 4117 1489 4182 ut
1513 4095 1563 4182 iis
1587 4124 1688 4182 non·

1476 4247 1686 4334 nunquam
