4058 5258
282 318 416 425 Soet.
448 310 510 416 11.
547 306 842 412 Cotonuu
880 305 1272 414 Pannonams.
1337 330 1438 448 241

283 531 497 624 nfflffimo
529 525 693 631 citrino,
719 522 831 638 quast
845 531 900 626 r}
917 526 1096 637 partibus
1110 528 1238 617 totius
1252 530 1444 621 distraiiae
1505 620 1509 635 ,

285 656 554 776 longitudinis
572 653 751 745 distabat.

340 945 378 1028 ς.
406 922 638 1012 Demean
677 911 759 996 haec
787 908 909 996 indici
939 911 1141 1001 &citrini
1164 915 1349 1003 distantia
1372 945 1444 1031 per

284 1044 510 1137 confinium
534 1035 676 1125 viridis
701 1042 741 1126 8t
762 1036 918 1126 cerulei
944 1039 988 1125 in
1006 1043 1162 1130 ratione
1188 1047 1275 1137 aad
1295 1072 1315 1152 3
1336 1045 1444 1132 divi·

288 1171 485 1275 debatur5
511 1166 569 1252 ita
594 1161 742 1251 scilicet
766 1185 815 1250 ut
833 1163 1057 1254 confinium
1084 1170 1188 1257 istud
1213 1171 1291 1258 five
1319 1172 1445 1258 medi·

369 1338 379 1361 ·
468 1337 479 1361 ·
575 1333 632 1355 ··
740 1334 750 1355 ·
812 1335 822 1356 ·
894 1308 932 1368 ¹4
1044 1339 1053 1359 ·
1226 1342 1234 1361 .
1339 1343 1348 1363 .

288 1339 451 1428 tulltum
466 1360 653 1445 tmagmrs
672 1333 723 1420 ab
737 1335 933 1470 mdrcoffl
952 1338 1132 1448 partrbus
1157 1363 1284 1429 totrus
1308 1344 1446 1431 dastra-

289 1554 361 1647 ἂι
377 1551 641 1667 longitudinis
656 1550 830 1667 distaret,
867 1528 964 1690 &g
985 1556 1165 1665 partibus
1181 1588 1205 1643 a
1222 1559 1384 1647 citrino.

341 1858 452 1945 Con
478 1850 609 1940 isthec
626 1850 780 1966 quanti
796 1849 914 1969 potui
941 1850 1152 1962 diligentis
1174 1850 1446 1966 observassem,

288 2007 372 2066 non
387 1979 552 2092 proprio
566 1998 727 2063 tantum
742 1975 850 2061 sensu
860 1976 1041 2084 confisus,
1068 1976 1132 2062 sed
1148 1976 1447 2089 (proptersum

287 2134 395 2194 marn
410 2101 689 2192 difficultatem
705 2103 856 2217 praecise
876 2103 1446 2215 distinguendiconfiniacolo·

285 2259 389 2342 rum,
415 2232 555 2322 &loca
575 2231 755 2317 maximae
770 2225 1048 2341 perfeetionis)
1074 2229 1247 2318 aliorum
1285 2237 1444 2342 judiciis
1612 2298 1624 2305 a

285 2356 410 2448 fretus
422 2395 433 2466 ;
447 2360 633 2469 imaginis
643 2356 1023 2465 dimenfionesjuxta
1033 2355 1114 2441 haec
1128 2356 1292 2444 inventa
1301 2363 1445 2448 delini-

284 2490 365 2591 aui,
373 2486 715 2595 quemadmodum
724 2486 859 2572 videre
869 2483 926 2570 est
945 2485 987 2568 in
1006 2481 1075 2592 fig.
1096 2486 1160 2592 38.
1174 2484 1333 2573 Scilicet
1353 2519 1444 2576 cen·

287 2613 361 2694 tris
377 2613 419 2692 X
434 2611 523 2694 &Y
555 2618 641 2714 ro}
668 2611 794 2695 unciis
808 2607 1057 2715 distantibus,
1082 2613 1121 2695 81
1145 2609 1442 2700 semidiametris

289 2742 381 2832 ιτῖ(
417 2734 556 2842 unciis,
605 2733 870 2818 semicirculos
902 2737 1007 2820 duos
1035 2739 1174 2824 Arc
1207 2740 1245 2824 81
1287 2736 1380 2822 BT
1399 2745 1441 2822 D

281 2862 485 2971 eregione
504 2858 682 2971 descripst
708 2865 746 2949 &
765 2858 882 2947 redis
901 2868 940 2946 A
959 2864 994 2943 Β
1012 2866 1051 2950 8(
1069 2866 1108 2951 C
1127 2868 1168 2949 D
1186 2862 1441 2975 tangentibus

285 3016 500 3075 connexui.

337 3246 528 3328 Damna
549 3238 655 3325 linet
672 3240 714 3322 X
733 3230 784 3324 Y'
796 3237 939 3350 (quam
956 3241 1069 3352 supra
1087 3241 1354 3330 demonstravi
1378 3246 1438 3330 di-

141 3424 146 3429 ·
280 3364 775 3474 stradamlongitudinem
792 3365 999 3478 imaginis)
1027 3371 1070 3458 in
1086 3376 1139 3457 60
1157 3390 1288 3481 partes
1305 3399 1437 3485 aqua.

280 3494 334 3578 les
352 3490 613 3601 divisd‚sumsr
632 3496 669 3576 L
687 3494 724 3577 Y
745 3530 793 3573 =
811 3524 851 3602 9,
880 3495 951 3580 IY
973 3535 1022 3577 ε.-
1041 3528 1108 3605 20,
1134 3503 1177 3584 H
1197 3500 1230 3581 Y
1249 3529 1370 3609 :30,
1396 3506 1436 3590 8<

277 3620 310 3705 F
328 3622 364 3705 Y
379 3657 430 3701 ::
446 3648 500 3725 44
515 3641 645 3729 partes
663 3619 866 3728 ejusmodi.
913 3628 968 3709 Et
984 3627 1276 3735 perpendiculis
1293 3628 1343 3712 ad
1363 3626 1434 3713 ista

275 3745 424 3853 punita
451 3743 607 3849 orestis,
636 3743 853 3856 imaginem
869 3748 911 3831 in
939 3750 1121 3860 quinque
1139 3772 1269 3856 partes
1286 3752 1433 3837 colori·

277 3870 353 3953 bus
368 3866 1284 3984 quinqueinfignioribuscompetentesdistinxi
1297 3910 1308 3982 ;
1321 3898 1433 3987 parte

274 3997 307 4077 P
323 3995 355 4076 F
372 3986 562 4075 referente
581 3993 857 4101 expansronem
872 4000 1055 4106 violacei,
1069 4002 1108 4086 8r
1124 4001 1155 4082 F
1174 4004 1217 4085 H
1232 3997 1432 4113 expansio·

272 4146 366 4209 nem
381 4116 551 4229 cerulei,
578 4122 617 4210 8<
642 4117 692 4207 stc
714 4122 911 4239 deinceps.
964 4131 1060 4241 Quo
1078 4126 1186 4220 fatto
1209 4129 1430 4218 coloratam

799 4251 863 4341 li
1294 4250 1427 4339 lucem
