4028 5252
282 403 477 514 secur.
574 395 1270 502 Ruruauornrutrus.
1414 422 1449 531 5

284 628 538 715 minoremve
558 612 791 757 patiendum
812 607 858 695 fit
874 630 1004 720 aptus.
1059 611 1230 698 Invenio
1248 634 1447 725 praterea,

284 750 397 869 quod
422 742 544 833 Radii
568 744 650 827 FP
669 738 843 823 maxime
871 734 1030 822 refradli
1049 737 1204 826 colores
1225 770 1451 853 purpureos

284 880 523 994 producant,
549 874 590 958 ὅτ
615 866 675 952 illi
704 865 797 952 FT
821 863 990 948 minime
1014 863 1173 949 relralii
1191 868 1348 977 rubros,
1373 875 1451 986 qui

285 1031 420 1095 autem
456 997 560 1086 hisce
601 992 833 1083 intermedii
860 993 981 1098 FQ,
1010 994 1111 1098 FR,
1146 996 1221 1079 FS
1259 1023 1454 1109 pergunt

283 1134 439 1222 colores
469 1123 747 1227 intermedio,
793 1143 939 1225 nempe
970 1117 1170 1228 caeruleos,
1213 1123 1361 1210 virides
1403 1131 1444 1215 Sc

284 1263 410 1347 flavos
439 1272 660 1364 generant:
698 1251 739 1335 8c
772 1241 823 1328 fic
851 1243 965 1350 radii,
1001 1265 1123 1351 prout
1149 1247 1231 1356 apti
1259 1248 1363 1356 sunt,
1396 1270 1445 1336 ut
1535 1340 1539 1349 ,

286 1388 354 1471 alii
382 1384 469 1469 aliis
488 1377 616 1490 magis
640 1399 766 1490 atque
797 1368 925 1480 magis
955 1368 1236 1482 refringantur,
1281 1376 1355 1463 hos
1377 1406 1445 1463 or.

286 1515 382 1601 dine
408 1507 583 1610 colores,
601 1506 788 1605 rubrum,
814 1496 986 1605 flavum,
1009 1500 1191 1609 viridem,
1217 1503 1442 1612 caeruleum,

285 1643 327 1728 u
362 1655 609 1747 purpureum
645 1644 852 1737 generant,
879 1647 960 1707 una
991 1650 1084 1707 cum
1109 1626 1297 1713 omnibus
1321 1630 1446 1714 inter-

283 1760 440 1868 mediis,
468 1783 573 1869 quos
604 1753 646 1838 in
666 1751 766 1838 iride
792 1748 910 1836 liceat
937 1745 1182 1858 conspicere;
1222 1753 1327 1838 unde
1351 1782 1447 1865 pro·
1629 1824 1635 1837 .

284 1886 427 1989 duffio
453 1883 636 1970 colorum
671 1874 938 1989 prifflratis&
978 1874 1090 1960 iridis
1124 1870 1238 1962 facile
1275 1878 1447 1987 patebit.

282 2014 360 2098 Sed
378 2012 439 2096 bis
460 2000 822 2117 jamperfunuorie
847 2000 1012 2105 notatis,
1044 2027 1133 2111 quae
1162 2004 1213 2089 de
1239 2003 1448 2093 coloribus

281 2135 565 2242 (licentiosum,
593 2133 635 2219 in
652 2129 857 2243 posterum
873 2119 1070 2216 differam·

280 2478 365 2578 111.
400 2460 646 2578 Probatur
669 2463 977 2615 experimento
1007 2456 1210 2616 valggari
1234 2491 1319 2611 per
1344 2460 1445 2579 lou-⁴

384 2624 649 2776 giticlinum
669 2626 889 2778 imaginis
912 2620 1081 2765 scalaris
1106 2624 1333 2769 refratia.
1468 2649 1475 2657 “

331 2886 611 2968 Suuraurrn
632 2873 765 2960 nostri
782 2871 924 2961 dehic
947 2904 990 2961 re
1009 2872 1060 2963 src
1075 2872 1250 2959 breviter
1263 2872 1439 2985 explica·

279 3010 335 3116 ti,
362 3034 413 3095 ne
428 3003 579 3118 putetis
601 2998 753 3088 fabulas
769 3027 846 3113 pro
860 3001 966 3089 veris
983 3025 1191 3089 enarratae
1199 2996 1287 3107 elle,
1313 3004 1438 3090 ratio·

278 3166 349 3225 nes
376 3139 416 3224 8(
439 3132 726 3244 experimenta,
752 3129 901 3240 quibus
919 3130 1049 3218 isthac
1069 3132 1313 3239 innituntur,
1340 3159 1437 3219 con·

277 3264 394 3350 tinuo
415 3259 628 3372 proferant.
682 3261 739 3342 Et
753 3256 950 3368 quoniam
966 3259 1288 3406 experimentum
1302 3260 1435 3371 quod·

276 3396 368 3481 darn
393 3386 587 3501 prismatis
608 3384 725 3470 valde
748 3384 920 3472 obvium
947 3384 1049 3472 mihi
1075 3386 1208 3498 primo
1226 3388 1338 3473 dedit
1366 3415 1437 3475 oc·

275 3516 473 3610 calionem
496 3512 752 3627 excogitandi
787 3513 957 3629 reliqua,
980 3515 1084 3606 istud
1115 3517 1290 3626 primum
1310 3516 1437 3662 expli,

274 3650 392 3737 cabo.
445 3643 565 3757 SitF
605 3639 696 3751 (fi'g.
714 3643 780 3750 a.)
806 3631 987 3732 foramen
1010 3642 1218 3758 aliquod
1205 3674 1248 3730 tn
1280 3646 1438 3755 pariete

273 3774 341 3859 rel
364 3750 536 3861 lenel‘r'rl
567 3770 761 3880 cubiculi,
794 3797 864 3879 per
896 3772 1010 3883 quod
1040 3772 1141 3857 radii
1176 3772 1319 3859 solares
1350 3775 1433 3861 OF

272 3894 534 4003 trajiciantur,
561 3891 728 4006 reliquis
758 3893 909 4003 ubique
931 3894 1195 3983 foraminibus
1220 3895 1434 4007 diligenter

272 4020 485 4127 obturatis,
522 4047 574 4105 ne
613 4017 685 4105 lux
713 4017 808 4106 alibi
851 4019 1114 4130 ingrediatur.
1168 4022 1246 4109 Ista
1293 4041 1431 4109 autem

269 4146 495 4238 obscuratio
523 4144 700 4237 cubiculi
726 4172 811 4238 uon
838 4147 901 4238 est
924 4150 1092 4263 prorsus
1101 4147 1321 4256 uccellaria,
1309 4143 1437 4353 ,ffised

1299 4296 1322 4352 e
1371 4286 1428 4354 ert
