4078 5250
612 374 711 526 198
911 370 1437 481 DnRan1onurn
1571 383 1667 489 Par.
1700 385 1760 489 ll.

606 597 789 687 cularum
813 592 866 679 erl
904 593 1052 682 uuam
1085 620 1284 706 papyrum
1313 594 1531 704 projeElas:
1573 601 1617 687 irl
1655 600 1767 714 quod

607 723 718 811 nullo
737 715 856 831 paruo
885 721 1118 832 contingere
1149 714 1355 828 potuillet,
1387 718 1458 806 nifi
1482 725 1582 809 radii
1606 752 1770 815 raanan·

608 874 670 936 ees
685 850 736 935 ab
755 844 912 961 aliquot
929 846 1087 956 pannas
1107 842 1228 953 ipsane
1242 845 1284 953 f
1295 849 1326 931 F
1336 846 1381 953 f,
1407 845 1450 931 in
1474 847 1646 933 totidem
1666 876 1770 958 pun·

609 975 686 1062 &is
716 970 849 1057 rursus
881 972 1144 1057 convenirent
1180 974 1233 1058 ad
1266 999 1298 1053 x
1315 974 1356 1056 X
1370 1000 1412 1053 x.
1465 976 1520 1059 Et
1558 972 1653 1057 licet
1681 1003 1771 1063 non

608 1096 747 1185 etaffte
775 1099 1019 1183 conveniant
1039 1098 1085 1183 in
1112 1096 1251 1185 iisdem
1287 1096 1449 1209 punitis
1482 1120 1687 1184 manantes
1721 1099 1774 1187 ab

612 1224 764 1331 iisdem,
792 1251 888 1311 curn
915 1224 1002 1310 lens
1026 1222 1251 1312 restaliaria
1278 1225 1368 1312 vice
1395 1223 1539 1333 speculi
1558 1226 1774 1313 adhibetur

611 1352 719 1437 utin
739 1348 879 1461 figuris
910 1356 1016 1459 (48(
1040 1377 1104 1460 15,
1131 1358 1168 1441 8(
1192 1351 1360 1464 proinde
1375 1348 1531 1436 colores
1554 1350 1773 1437 nonnullos

610 1503 803 1590 generent
818 1481 861 1565 in
879 1480 1059 1566 confinio
1083 1478 1183 1567 lucis
1201 1486 1239 1570 8(
1254 1478 1416 1586 umbre,
1431 1475 1528 1564 licut
1551 1476 1634 1563 fuse
1649 1476 1774 1587 expli·

611 1608 705 1712 cui;
738 1629 872 1691 tamen
888 1604 1057 1715 spatium
1074 1607 1118 1691 in
1145 1610 1257 1722 quod
1284 1604 1535 1691 conveniunt
1565 1603 1772 1693 tantillum

609 1732 685 1840 est,
706 1752 753 1818 ut
766 1758 842 1842 pro
860 1729 1014 1842 punllo
1029 1731 1196 1818 sensrbili
1211 1733 1336 1818 ferme
1348 1730 1555 1817 habeatur.

665 1985 911 2087 Sacunno,
943 1982 1140 2065 urentem
1164 1983 1206 2064 in
1233 1982 1366 2088 figuti
1399 2010 1447 2085 14
1466 1985 1523 2065 ita
1538 1981 1697 2087 statuas,
1723 1998 1773 2066 ut

609 2102 830 2209 aequidistet
847 2130 870 2182 a
885 2102 984 2183 focis
998 2104 1127 2198 ejusF
1144 2106 1183 2191 8(
1200 2105 1240 2184 Χ
1253 2105 1301 2185 in
1329 2104 1463 2185 medio
1482 2105 1623 2205 posrta,
1637 2130 1683 2184 ac
1698 2105 1773 2186 de·

611 2225 705 2311 inde
722 2219 876 2308 colores
890 2218 1062 2330 excipias
1076 2220 1121 2304 in
1139 2244 1338 2330 papyrum
1349 2228 1381 2308 P
1394 2222 1434 2304 T
1454 2240 1543 2307 turn
1563 2223 1670 2311 ultra
1685 2222 1769 2309 len·

612 2375 698 2438 tent
721 2345 855 2434 versus
873 2349 928 2453 X,
951 2370 1044 2432 turn
1065 2342 1309 2432 citraversus
1329 2351 1360 2433 F
1387 2344 1550 2432 alternis
1576 2348 1772 2457 tempori·

615 2478 693 2565 bus
734 2473 969 2580 admotam
996 2468 1115 2582 pollis
1142 2468 1362 2580 observare,
1403 2473 1515 2582 quod
1535 2471 1689 2560 colores
1703 2500 1776 2559 eo-

619 2604 714 2690 dem
749 2600 866 2712 plane
908 2601 1036 2686 modo
1068 2618 1273 2710 apparent,
1327 2598 1623 2705 diminuuntur,
1665 2603 1704 2687 8(
1734 2601 1777 2689 in

616 2728 847 2815 albedinem
906 2725 1100 2837 paulatim
1145 2744 1454 2830 convertuntur,
1515 2727 1611 2811 dum
1667 2725 1776 2815 nitra

616 2880 795 2964 papyrus
831 2872 949 2939 motu
983 2852 1098 2939 lento
1133 2854 1172 2938 8(
1201 2853 1399 2938 continuo
1441 2841 1679 2937 transfertur
1723 2851 1776 2943 ad

617 2980 667 3077 F,
709 2998 795 3086 ttq;
830 2981 928 3063 dum
964 2975 1201 3061 transfertur
1238 2976 1288 3060 ad
1328 2978 1397 3079 X;
1437 2976 1538 3061 adeo
1568 2997 1615 3061 ut
1642 2974 1776 3061 diver·

613 3080 758 3191 gnatia
795 3087 980 3171 colorum
1018 3087 1070 3169 ab
1111 3086 1143 3166 F
1170 3085 1210 3167 8(
1236 3087 1522 3194 convergentia
1548 3086 1598 3169 ad
1627 3086 1669 3169 X
1686 3108 1774 3166 om·

619 3206 717 3291 nino
746 3207 880 3295 firnilis
900 3208 956 3292 stt.
1013 3209 1103 3292 Pari
1136 3208 1303 3317 ratione,
1331 3208 1358 3291 sr
1385 3237 1605 3321 papyrustr
1622 3245 1647 3293 τ
1665 3211 1774 3299 lente

619 3355 834 3415 moveatur
849 3336 897 3416 ad
917 3334 972 3433 X,
999 3333 1110 3434 juata
1133 3339 1171 3418 8(
1189 3349 1257 3438 pt
1284 3358 1493 3417 moveatur
1512 3334 1560 3414 ad
1577 3336 1623 3433 F,
1649 3330 1777 3422 iidem

621 3451 776 3538 colores
805 3447 1101 3559 conspicientur·
1128 3454 1170 3538 in
1197 3453 1384 3563 utrique,
1408 3460 1448 3541 8(
1478 3453 1621 3539 eodem
1646 3459 1775 3546 modo

620 3579 800 3667 desinent
824 3579 869 3664 in
898 3574 1133 3683 albedinem,
1170 3576 1248 3662 hoe
1274 3600 1434 3667 tantum
1458 3599 1628 3688 excepto
1657 3588 1776 3694 quod

625 3731 767 3793 eorum
786 3708 877 3799 snus
904 3702 1169 3792 contrariatur
1198 3725 1362 3815 propter
1377 3700 1686 3793 decuffnionem
1712 3735 1776 3793 ra-

626 3835 787 3925 diorum
816 3836 858 3921 in
882 3835 924 3918 X
942 3866 954 3940 ;
980 3855 1103 3945 atque
1124 3836 1226 3920 adeo
1245 3832 1496 3946 divergentia
1513 3833 1699 3921 colorum
1721 3837 1774 3927 ab

629 3963 805 4078 utrisque
834 3964 865 4051 F
890 3962 929 4052 8(
952 3962 994 4045 X
1018 3958 1152 4047 srnrilis
1188 3958 1258 4045 est.
1308 3962 1426 4071 ‘Quid
1451 3961 1588 4073 itaque
1614 3962 1773 4051 conclu·

621 4094 805 4187 nendum
822 4090 878 4179 est
899 4090 1058 4203 cende,
1082 4116 1204 4203 quam
1220 4090 1331 4203 quod
1361 4090 1503 4181 eodem
1522 4092 1647 4179 modo
1665 4116 1774 4294 conns·

1686 4241 1742 4301 ml
1755 4260 1775 4278 .
