4078 5250
562 384 671 490 216
843 380 942 485 Da
981 376 1370 481 Rnnronuu
1531 380 1633 485 Par.
1676 378 1743 487 11.-

567 599 642 688 ter.
702 596 766 684 Sic
781 594 962 685 indicum
985 598 1028 685 in
1062 593 1240 684 violacea
1257 591 1473 686 &cerulea
1495 594 1586 686 luce
1609 598 1738 686 matri·

571 755 638 813 me
663 723 897 835 resplendet,
924 728 963 813 8(
990 723 1170 834 splendor
1196 723 1283 831 ejus
1308 721 1504 833 gradatim
1530 723 1741 812 deminui·

577 878 660 964 tur,
687 877 809 964 prout
841 854 884 938 in
915 851 1079 938 rubeam
1114 849 1246 939 lucem
1271 877 1341 961 per
1367 851 1514 961 gradus
1542 853 1743 940 interme·

579 984 670 1067 dios
692 979 890 1065 continuo
920 975 1170 1063 transfertur.
1228 977 1292 1063 Sic
1320 1001 1462 1086 porrus
1481 972 1611 1062 lucem
1641 979 1745 1063 tiri-

578 1108 672 1191 dem
708 1101 914 1216 plusquam
949 1102 1114 1190 rubeam
1153 1124 1225 1187 aut
1257 1125 1501 1213 purpuream
1535 1097 1743 1186 reflebbere

581 1226 838 1339 conspicitur,
860 1226 962 1317 &fic
982 1227 1024 1313 in
1038 1225 1139 1314 aliis.
1192 1230 1249 1313 Bt
1273 1252 1358 1338 quo
1389 1250 1560 1336 corpora
1578 1223 1648 1311 sub
1670 1224 1744 1311 dio

583 1355 674 1443 funt
689 1354 947 1445 intenfiorum
966 1361 1006 1447 8(
1024 1356 1154 1470 magis
1170 1353 1444 1465 specificorum
1468 1353 1667 1465 colorum,
1692 1380 1745 1442 eo

582 1489 719 1575 minus
737 1488 779 1574 in
796 1488 926 1575 alieni
944 1489 1032 1578 luce
1050 1486 1312 1599 resplendent.
1361 1522 1364 1527 ¹

642 1744 975 1850 Qunuoenarr,
1004 1762 1050 1827 ut
1066 1739 1150 1829 bac
1174 1738 1381 1827 facilius&
1397 1735 1524 1848 nangis
1543 1759 1636 1821 cum
1652 1732 1750 1819 evi·

589 1867 726 1949 dentii
745 1885 960 1975 pertentes,
974 1892 1143 1973 corpora
1158 1862 1319 1975 seligere
1335 1883 1498 1975 oportet
1506 1857 1665 1949 intensis
1678 1888 1753 1946 co·

589 1984 756 2092 loribus,
782 1995 821 2075 8r
838 2016 963 2097 quam
991 1993 1144 2095 poteris
1170 1990 1344 2075 maxime
1369 1987 1615 2095 simplicibus
1639 1986 1753 2073 colo·

586 2102 699 2187 ribus
718 2108 901 2210 pradita3
930 2109 973 2188 id
990 2107 1103 2210 quod
1121 2111 1348 2215 cognosces,
1369 2111 1410 2206 fi,
1425 2110 1613 2208 prismate
1639 2112 1756 2194 adhi-

587 2226 690 2330 bito,
711 2223 860 2337 seligat,
883 2250 973 2335 qua
996 2222 1047 2307 ad
1061 2227 1349 2330 extremitates,
1375 2224 1578 2331 nigredini
1593 2250 1757 2314 conter-

532 2410 535 2415 ·
590 2353 733 2462 minas,
748 2347 997 2438 distinctiora·
1010 2371 1202 2461 apparent
1218 2348 1398 2437 &minus
1411 2347 1631 2460 variegata.
1648 2356 1757 2441 Prae-

593 2500 703 2564 terea
721 2477 875 2564 colores
894 2477 1142 2588 prismatum,
1183 2501 1286 2586 quos
1310 2475 1354 2561 in
1379 2473 1459 2560 hec
1472 2503 1644 2586 corpora
1659 2508 1755 2591 pro.

597 2604 696 2715 licis,
721 2606 871 2691 debent
896 2598 970 2689 elle
985 2601 1035 2688 ab
1059 2600 1236 2689 invicem
1253 2626 1322 2711 per
1339 2598 1471 2712 plures
1497 2600 1756 2693 resradiones
1856 2597 1864 2608 ’

599 2732 755 2841 optime
770 2728 939 2818 discreti.
991 2729 1118 2835 Nam,
1145 2725 1343 2814 lrcolores
1367 2722 1436 2836 per
1458 2727 1570 2814 unici
1597 2752 1755 2817 tantum

600 2858 813 2970 prismatis,
838 2862 950 2965 juxta
972 2854 1072 2940 lucis
1085 2851 1300 2963 ingressum
1318 2849 1448 2963 positi,
1476 2852 1755 2944 refrabbionem

599 2984 867 3088 secernantur,
881 3006 965 3063 non
983 2977 1099 3062 color
1110 2975 1210 3063 lucis
1228 2977 1455 3083 incidentis,
1468 2978 1535 3097 sed
1552 2980 1756 3095 aliusqui·

601 3107 710 3213 dem,
738 3107 844 3191 inter
858 3100 1037 3210 corporis
1055 3098 1098 3184 in
1113 3101 1251 3209 aprico
1273 3099 1473 3217 conspebbi
1499 3110 1540 3196 &
1565 3107 1757 3197 lucishu.

603 3233 666 3339 ius
707 3224 918 3319 incidentis
958 3223 1137 3313 colorem
1183 3225 1445 3317 intermedius
1489 3237 1757 3347 generabitur.

604 3352 972 3459 Quemadmodum,
988 3349 1016 3433 fi
1031 3351 1255 3459 hujusmodi
1275 3354 1345 3438 lux
1363 3352 1464 3441 flava
1482 3360 1526 3443 in
1544 3358 1759 3449 ceruleum

603 3477 768 3583 incidat,
783 3499 931 3585 corpus
946 3474 1045 3560 illud
1059 3503 1144 3562 non
1162 3474 1345 3565 flavescet
1369 3482 1434 3569 sed
1450 3482 1599 3573 virebit
1607 3488 1760 3598 potius,

604 3622 814 3717 propterea
827 3600 938 3715 quod
950 3599 1083 3712 plures
1103 3627 1126 3687 e
1144 3602 1463 3695 viridiformibus
1479 3610 1609 3719 radiis,
1623 3611 1667 3694 in
1678 3612 1760 3701 hic

493 3800 498 3813 .
606 3728 712 3819 flavi
730 3727 818 3818 luce
833 3727 1099 3842 latitantibus,
1137 3759 1307 3846 quame
1336 3733 1626 3824 flaviformibus
1645 3737 1760 3828 relle-
1795 3822 1799 3827 .

607 3859 715 3951 &ere
728 3858 961 3975 aptum”s1t;
987 3866 1026 3951 br
1050 3860 1102 3949 sic
1117 3867 1286 3951 rubeum
1304 3890 1448 3976 corpus
1472 3865 1515 3950 in
1531 3865 1656 3956 viridl
1671 3868 1761 3957 luce

608 3987 813 4080 flavescere
829 3988 972 4100 potest,
992 3993 1031 4078 8(
1049 3990 1091 4075 in
1107 3990 1270 4075 cerulei
1293 3992 1381 4080 luce
1399 3991 1602 4104 virescere,
1630 3995 1762 4081 srmo-

606 4117 666 4206 do
681 4117 753 4208 lua
776 4114 843 4205 illa
859 4114 911 4202 ab
940 4115 1029 4204 aliis
1056 4116 1272 4203 commistis
1303 4118 1512 4210 'coloribus
1548 4147 1630 4207 non
1655 4121 1760 4204 bene

1554 4262 1762 4360 purgetur.
