4028 5252
551 432 623 515 20
708 406 1095 510 Raptorem-m
1134 394 1454 499 Divinas
1535 390 1712 495 Pani.

552 628 622 711 det
655 618 860 711 distinaa:
901 616 1016 719 alter,
1061 613 1227 729 quando
1260 608 1359 696 radii
1391 632 1533 698 omnes
1561 613 1711 704 homo.

554 750 684 862 genei,
709 747 783 858 qui
815 746 859 832 in
896 744 1044 830 lentem
1067 739 1240 852 paralleli
1268 736 1466 845 incidunt,
1493 736 1550 824 ita
1572 738 1714 829 refrin.
1801 730 1805 739 '

553 897 722 985 guntur,
749 894 796 958 ut
813 872 863 956 ad
882 895 1079 982 papyrum
1095 865 1207 952 istam
1221 865 1265 950 in
1283 864 1432 948 eodum
1450 863 1604 974 punllo
1616 894 1715 953 con·

555 1023 739 1107 currant,
764 995 878 1109 quod
909 994 970 1101 fit,
996 993 1161 1108 quando
1188 991 1299 1078 vides
1316 986 1534 1096 imaginem
1559 990 1715 1078 colora·

556 1147 642 1211 tam
659 1124 893 1234 oblongam,
920 1122 960 1208 8(
992 1115 1184 1229 parallelis
1217 1112 1336 1201 reblis
1368 1112 1555 1203 <listinae
1573 1118 1714 1203 termi-

556 1275 720 1355 natam:
743 1251 845 1336 alter
863 1248 972 1335 casus
986 1246 1055 1351 eil,
1082 1243 1248 1357 quando
1275 1239 1375 1327 radii
1399 1267 1539 1329 omnes
1565 1240 1713 1330 homo·

557 1380 673 1491 genei
706 1380 759 1465 ab
793 1404 878 1463 uno
916 1370 1071 1485 punllo
1108 1368 1316 1458 foraminis
1366 1370 1404 1453 F>
1444 1370 1712 1480 divergentes,

556 1527 771 1641 postquam
807 1547 831 1603 a
862 1518 973 1606 lente
1003 1513 1291 1630 restinguatur,
1318 1514 1529 1602 ardunum
1565 1516 1713 1601 iterum

557 1651 756 1761 puralium
782 1641 896 1728 dille
914 1643 1055 1752 papyri
1072 1663 1337 1754 convergunt.
1393 1640 1590 1725 ldautem
1615 1639 1717 1724 acci-

559 1781 636 1884 dit,
663 1797 758 1859 cum
774 1768 993 1875 imaginem
1010 1764 1156 1872 albam,
1179 1766 1460 1875 orbicularem,
1485 1765 1716 1878 &undique

559 1909 665 1994 bene
694 1894 903 1983 definitam
931 1891 1066 1980 vides..
1113 1897 1178 1978 De
1203 1919 1290 2004 quo
1316 1892 1399 1983 fule
1420 1897 1577 1984 dicetur
1607 1889 1715 1980 alibi.

562 2025 753 2120 Sufficeat
772 2023 851 2109 hoc
869 2021 1073 2106 monitum
1086 2019 1154 2104 hic
1173 2017 1330 2126 dediffe,
1357 2049 1407 2105 ne
1423 2024 1517 2133 quis
1544 2021 1717 2135 propriis

563 2154 692 2243 oculis
717 2151 799 2241 haec
823 2164 1075 2255 experturus,
1116 2169 1187 2256 per
1213 2145 1520 2255 ambiguitatem
1554 2144 1722 2234 emaus

562 2284 723 2377 incaute
752 2271 989 2387 decipiatur,
1021 2274 1060 2363 8(
1099 2268 1244 2361 exinde
1267 2267 1452 2382 praediea
1474 2270 1519 2365 in
1548 2269 1720 2361 dubium

565 2424 743 2505 revocet.

426 2810 430 2819 .
562 2736 729 2859 XVII.
745 2777 750 2791 ·
769 2733 874 2849 «Λα
935 2724 995 2836 de
1039 2716 1219 2841 umbris
1270 2719 1545 2840 nebularum
1576 2723 1717 2866 solim

943 2884 1333 2999 intercedentium.

622 3143 780 3249 Jnvnr
810 3158 1002 3223 annotare
1030 3158 1230 3257 praterea,
1255 3142 1370 3252 quod
1398 3137 1550 3226 nebulae
1579 3137 1719 3251 alique

567 3268 773 3359 tenuiores
797 3266 1096 3372 interceperunt
1117 3264 1270 3353 discum
1296 3266 1400 3369 solis,
1427 3295 1521 3353 eum
1549 3296 1632 3353 non
1649 3293 1719 3376 pe·

568 3399 679 3482 nitus
716 3390 985 3497 obscurantes,
1030 3390 1256 3479 &umbras
1286 3396 1330 3479 in
1367 3394 1468 3484 hanc
1500 3393 1720 3509 imaginem

568 3526 660 3612 PT
695 3524 947 3634 projecerunt
1007 3547 1062 3604 on
1094 3519 1152 3608 sui
1190 3522 1347 3634 similes,
1382 3529 1446 3613 sed
1477 3528 1520 3613 in
1551 3525 1721 3637 longum

568 3649 840 3764 protensas&
863 3649 1048 3762 imaginis
1074 3651 1255 3737 terminis
1275 3651 1722 3764 reuilineasparallelaa

568 3781 616 3867 ld
634 3778 747 3892 quod
772 3777 989 3863 ratiociniis
1023 3776 1148 3860 modo
1166 3776 1293 3866 allatis
1318 3805 1500 3869 accurate
1516 3777 1722 3866 convenit.

568 3912 682 3995 Nam
711 3909 879 4018 concipe
910 3906 1097 3993 nebulam
1122 3908 1297 4020 aliquam
1326 3912 1369 3995 in
1398 3912 1505 3997 disco
1537 3907 1629 3995 solis
1670 3910 1721 3993 ad

568 4037 686 4123 instar
713 4033 805 4118 solis
838 4030 1196 4142 conspicuamelle,
1224 4039 1337 4144 brea,
1365 4035 1393 4121 fi
1422 4039 1520 4123 radii
1549 4035 1722 4120 maxime

569 4160 843 4278 reirangibiles
860 4159 1092 4279 circuloque
1120 4165 1159 4249 A
1176 4161 1215 4249 C
1243 4160 1332 4277 (fig.
1352 4169 1409 4276 3.)
1427 4156 1724 4266 ‚circumscripti

1552 4284 1747 4401 spellenn
1791 4338 1795 4347 ·
