4028 5252
465 178 1282 345 ‘PRAEFATlo
1420 218 1503 344 vii

317 526 428 594 veto
441 492 739 627 experimenta
759 482 948 585 breviter
963 516 1138 587 tantum
1157 494 1205 585 in
1228 482 1318 587 fine
1336 484 1494 589 harum

318 648 657 786 praelestionum
682 673 998 741 memorantur.
1068 652 1206 743 Porro
1231 680 1283 741 ex
1300 649 1367 760 iis,
1391 678 1493 783 quae

242 908 245 915 ,
316 795 484 901 dehoc
509 829 774 933 argumento
803 805 850 894 in
887 789 1272 895 Tonsattionibus
1300 792 1491 895 Philoso

221 1058 228 1073 ,
317 951 457 1095 phicis
473 949 586 1051 edita
610 948 744 1067 fuere,
778 980 955 1089 apparet
980 954 1205 1046 auctorem
1227 950 1426 1051 nostrum
1442 960 1492 1051 in

316 1120 471 1212 animo
496 1103 685 1205 habuisse
718 1116 766 1205 in
792 1100 884 1202 haec
905 1103 1200 1241 phaenomena
1219 1109 1394 1205 ulterius
1417 1112 1488 1206 in-

318 1274 512 1403 quinto,
541 1260 608 1360 sed
626 1272 807 1361 inventa
831 1255 902 1356 stra
927 1253 1067 1356 dehis
1101 1258 1234 1357 rebus.
1249 1271 1323 1362 vir
1348 1260 1488 1399 perfe-

318 1416 418 1516 ciffe
442 1412 612 1531 videtur
658 1425 771 1513 intra
809 1408 1125 1511 duodecimum
1162 1414 1228 1510 vel
1263 1409 1489 1551 quindeci-

317 1605 450 1671 mum
480 1602 667 1682 annum,
702 1569 941 1708 postquam
967 1561 1075 1681 haec,
1118 1546 1216 1704 quat
1250 1604 1369 1664 nunc
1393 1564 1486 1665 edi·

317 1759 436 1840 mus,
460 1722 570 1819 lesta
591 1717 775 1819 fuerant.
848 1726 1123 1859 Quanquam
1149 1750 1295 1817 autem
1319 1717 1384 1818 his
1415 1731 1484 1821 in·

319 1887 460 1982 ventis
483 1875 589 1977 liber
610 1879 755 1979 noster
779 1908 919 1995 caret3
955 1880 1095 1975 multa
1119 1908 1263 1977 tamen
1287 1883 1485 2017 praeclara

318 2028 391 2135 hic
425 2061 676 2149 occurrunt,
710 2067 815 2172 quae
858 2040 908 2131 in
936 2035 1070 2131 altero
1116 2068 1213 2133 non
1259 2030 1483 2135 habentur.

313 2185 380 2294 lbi
404 2195 525 2288 enim
549 2193 704 2285 author
730 2184 898 2302 caviise,
922 2219 1140 2326 quantum
1167 2195 1330 2325 potuit,
1364 2187 1486 2288 vidc-

312 2372 401 2467 tut,
439 2378 497 2440 ne
534 2336 924 2439 demonstrationes
964 2349 1243 2478 geometricas
1268 2380 1373 2443 cum
1418 2380 1485 2441 ar·

318 2503 538 2632 gumentis
559 2492 869 2635 philosophicis
896 2493 1177 2627 immisceret3
1230 2517 1275 2598 &
1304 2500 1379 2600 ubi
1408 2538 1484 2599 ne·
1631 2496 1642 2509 ’

317 2644 425 2745 ceffe
449 2644 534 2744 fuit
564 2645 912 2785 propositionem
947 2648 1296 2749 mathematicam
1319 2690 1484 2791 propo·

313 2834 432 2912 nere,
468 2803 560 2926 ejus
594 2796 907 2901 demonstratio
959 2812 1033 2905 vix
1063 2840 1262 2946 unquam
1279 2814 1478 2906 occurrit.

74 3042 78 3049 .
200 3052 212 3067 ,
315 2963 488 3055 Contra
516 2984 680 3070 autern,
716 2950 788 3054 hic
821 2968 977 3060 omnia
1002 2972 1262 3099 geometrica
1307 2972 1355 3062 in
1395 2960 1481 3067 hoc

311 3138 570 3246 argumento
593 3106 816 3209 neccffaria
837 3107 928 3213 fuse
943 3110 1234 3245 demonstrat3
1269 3153 1368 3258 quae
1388 3114 1480 3217 for·

311 3255 422 3359 fitan
461 3265 510 3358 in
542 3262 674 3359 altero
719 3263 835 3361 libro
880 3263 981 3365 ideo
1026 3266 1233 3386 omiserit,
1262 3281 1477 3410 quoniam

310 3409 431 3516 haud
451 3409 682 3530 dubitavit,
709 3425 822 3557 quin
845 3414 917 3519 hae
935 3425 1229 3563 praelestiones
1243 3425 1478 3565 aliquando

308 3570 457 3669 lucem
484 3567 615 3669 essent
649 3564 828 3694 visurae3
879 3615 985 3678 cum
1028 3614 1123 3678 non
1149 3579 1287 3679 modo
1306 3584 1480 3718 publioe

315 3718 606 3862 Cantabrigiae
630 3725 750 3825 lestae
783 3738 831 3829 in
853 3727 1033 3833 archivis
1063 3726 1233 3834 fuerant
1262 3734 1476 3876 repohtae,

313 3872 529 4023 sodetiam
550 3886 631 3985 alia
647 3888 910 4031 ¹exemplaria
941 3900 994 3995 in
1008 3899 1259 3999 amicorum
1274 3895 1478 3997 manibus

1291 4058 1487 4162 adserva·
