4058 5258
789 71 833 113 f

541 263 643 388 282·
922 274 1021 378 De
1060 274 1332 380 Vn-nrrs
1510 280 1607 383 ran
1645 283 1720 385 Ii„

539 490 792 585 obstaculum
819 495 912 581 EF.
966 498 1040 601 Ut,
1068 488 1105 579 fr
1119 492 1343 601 statuantur
1358 495 1488 606 paulo·
1499 476 1627 609 tnagis
1643 501 1706 589 dia

540 627 700 729 stantes,
728 648 853 734 quarn
873 616 1087 732 defignavi,
1114 619 1255 709 circuli
1271 625 1312 707 R
1329 625 1416 712 P&
1438 666 1471 710 π
1480 641 1523 735 p
1541 623 1712 737 poffunt

540 750 783 853 coincidere,
810 751 850 836 ia
874 767 1037 835 mutuos
1053 743 1210 832 colores
1225 745 1369 853 delere,
1423 770 1617 838 coeuntes
1656 753 1714 840 in

542 877 784 965 albicantem
799 872 1009 962 circulum.
1054 873 1125 959 Sin
1149 873 1279 983 tnagis
1295 875 1427 961 adhuc
1440 875 1598 984 distent,
1630 879 1716 965 irin

540 1044 574 1092 π
582 1018 618 1112 p
630 999 751 1088 *cadet
771 1017 885 1084 entra
898 998 1043 1085 iridern
1062 1002 1103 1083 R
1120 1000 1169 1084 P.
1226 1001 1397 1106 Quod-st
1413 1003 1720 1090 Enstatmtua*

542 1132 593 1218 ad
613 1132 749 1217 locum
770 1130 805 1235 I,
835 1127 915 1216 hac
944 1127 1013 1211 iris
1027 1142 1066 1237 p
1082 1169 1115 1214 π
1135 1127 1352 1235 evanescet,
1378 1130 1418 1216 81
1430 1131 1561 1239 potest
1580 1135 1715 1220 etiarn.

542 1256 768 1344 coincidere
786 1282 880 1341 curn
896 1251 997 1339 iride
1012 1277 1038 1334 r
1051 1294 1084 1361 ρ,
1113 1255 1141 1340 sr
1160 1259 1193 1339 E
1211 1252 1380 1364 Fpanlo
1393 1253 1499 1340 ultra
1518 1252 1583 1342 ⁴vei
1601 1261 1714 1345 citra-

544 1387 680 1473 loeum
712 1384 733 1467 Ι
766 1382 971 1469 statuatur.
1018 1380 1109 1484 Jam
1139 1409 1238 1468 vero
1263 1380 1411 1468 horum
1435 1382 1623 1471 omnium'
1651 1389 1717 1472 ad‘·

544 1515 708 1602 oculum
738 1510 863 1599 facilis
888 1512 951 1599 est
971 1509 1200 1621 applicatio,
1226 1512 1358 1622 posrto
1383 1514 1497 1625 quod
1523 1514 1705 1602 obstacu

544 1642 631 1729 lum
661 1641 745 1727 EF
771 1637 942 1725 fundum
971 1639 1055 1746 ejus
1084 1634 1242 1746 referat,
1268 1640 1308 1727 ir
1335 1636 1401 1719 Η
1419 1640 1712 1725 tunicamcor··

544 1794 662 1857 neam
680 1766 730 1851 ab
744 1764 972 1851 externivi
997 1770 1067 1848 an't
1093 1764 1255 1852 interno
1272 1762 1409 1875 aliquo
1435 1765 1538 1850 vitio
1564 1791 1716 1877 perpe·-

545 1921 630 1980 rant
651 1911 874 1980 curvatam.
930 1890 1165 1998 Quinetiam
1185 1918 1244 1973 ex.
1260 1889 1322 1976 hit
1336 1918 1422 1976 non
1440 1893 1565 1977 modo
1577 1918 1718 2005 gene·-

542 2019 632 2103 raiis
650 2014 761 2101 causa
779 2010 1084 2097 harumiridum
1100 2016 1351 2120 declaratur,¹
1366 2015 1431 2098 sed
1445 2044 1523 2125 pro
1536 2020 1717 2129 quibui·

544 2144 643 2232 libet
659 2138 852 2245 ejusmodi
864 2135 1170 2242 particularibus
1179 2140 1563 2242 apparentiis.causae
1575 2144 1708 2227 etiam·

547 2265 801 2385 particulares
826 2256 1011 2371 affignari
1035 2255 1142 2370 poiie
1172 2260 1387 2345 videntur...
1426 2264 1718 2369 Quemadmo-

547 2402 662 2505 dum,
691 2393 799 2480 secur
814 2388 879 2478 fax
898 2408 1083 2500 appareat
1102 2387 1236 2474 unici
1239 2408 1395 2475 tanturn
1429 2390 1530 2478 iride
1559 2393 1724 2502 ςίιιᾶα,

547 2526 661 2634 cujus
693 2547 781 2631 pars
799 2518 975 2603 exterior
994 2515 1156 2621 rubet,
1145 2515 1312 2599 interior
1333 2542 1431 2627 vero
1451 2517 1517 2601 vel
1534 2518 1620 2603 alba
1639 2525 1706 2609 vei

550 2650 656 2741 forte
686 2643 874 2731 nonnihil
910 2641 1074 2727 caerulea
1109 2664 1320 2752 appareat3
1356 2620 1498 2728 exinde
1520 2646 1721 2733 concludi.

550 2773 657 2895 poffe
684 2774 859 2880 videtur,
885 2769 998 2882 quod
1026 2794 1171 2855 cornea
1204 2771 1310 2856 circa
1340 2771 1593 2858 medietatem
1620 2778 1725 2881 ejus
1768 2808 1779 2829 ⁸

550 2909 598 2994 srt
614 2901 735 3014 paulo
755 2896 1121 3011 depreffior,qnam
1142 2895 1240 2982 solet
1256 2891 1330 2981 esse
1350 2900 1428 2984 fine
1445 2899 1582 3011 aliqua
1590 2907 1725 3013 ruga

552 3028 711 3144 qualem
731 3028 780 3111 ad
801 3024 861 3113 ln
878 3027 928 3111 de
931 3021 1072 3134 scripsr.
1125 3018 1264 3109 Efficit
1288 3022 1396 3108 enim
1416 3025 1481 3113 illa
1500 3027 1712 3139 depreffio,

551 3184 599 3251 ut
619 3155 718 3245 radii
734 3157 785 3242 ab
812 3157 956 3242 eodenr
976 3150 1128 3264 punito
1151 3151 1298 3262 objeffi
1316 3155 1521 3242 venientes
1536 3160 1585 3244 ad
1605 3185 1719 3268 pun·-

556 3284 621 3372 &a
642 3283 765 3391 longe
794 3279 894 3392 post.
913 3282 1084 3366 retinam
1102 3282 1365 3385 conveniunt,
1393 3284 1519 3389 &qui
1536 3282 1727 3389 proinde:

553 3407 945 3515 inretinrspatium
973 3407 1137 3517 aliquod
1166 3405 1294 3519 (quast
1320 3406 1375 3490 est
1391 3431 1418 3483 r
1434 3415 1508 3512 ορ)
1536 3431 1726 3516 occupa--

555 3540 672 3642 hunt,
688 3533 800 3642 cujus
818 3530 1042 3643 peripheria
1056 3532 1123 3635 (ut
1142 3534 1265 3618 modo
1292 3529 1465 3637 ostendi)
1493 3530 1619 3618 rubeo
1635 3559 1711 3617 co-

556 3661 644 3748 lore
661 3661 711 3745 ad
728 3659 972 3743 exteriorem
988 3658 1072 3765 ejus
1086 3679 1236 3768 partem
1251 3657 1445 3768 tingetur,
1471 3660 1506 3744 8<
1525 3656 1621 3742 albo
1644 3659 1727 3744 uel,²

555 3782 683 3870 dilute
695 3786 868 3871 ceruleo.
880 3786 929 3868 ad
948 3782 1199 3867 interiorem·
1255 3788 1310 3867 Et
1334 3810 1419 3894 quo
1437 3785 1563 3892 rnajor
1579 3782 1710 3889 hujus·

553 3906 667 4001 modi
685 3904 755 3991 iris
771 3930 971 4023 appareat,
991 3935 1041 3990 eo
1059 3908 1186 4023 tnagis
1204 3907 1254 3991 ad
1270 3908 1507 3993 interiorem
1523 3910 1605 4018 ejus
1624 3935 1730 4016 pan.

520 4018 528 4032 ’
558 4033 788 4129 mutnet
808 4032 1129 4150 ceruleotingi..
1167 4034 1471 4124 Potestetiam.
1486 4031 1729 4145 hujusmodi.

1642 4181 1734 4244 rna,
