4078 5250
559 274 663 392 228
916 278 1021 383 Du*
1050 274 1315 387 Vnum
1516 288 1617 395 Par.
1655 293 1713 399 u

563 500 820 591 refraffioues
846 494 1059 612 dispergit)
1101 523 1182 583 non
1218 496 1358 586 tranfit
1396 526 1469 612 per
1503 510 1718 619 augustuni

554 630 760 734 foramen,
778 626 877 712 ficut
891 620 1029 735 paffim
1041 623 1084 708 in
1102 621 1411 733 precedentibus
1430 628 1629 740 supposui,
1654 634 1724 721 scd

566 784 617 843 cx
641 752 760 843 unici
787 771 945 838 tantum
972 770 1082 859 parte
1105 748 1315 833 limitatur.
1366 744 1492 836 Ver'bi
1517 757 1663 864 gratid,
1692 755 1724 839 fi

566 910 715 994 corpus
732 878 898 993 aliquod
925 900 1099 986 opacum
1116 876 1205 961 PG
1234 872 1325 987 (fig,
1350 875 1435 985 2'9.)
1460 874 1531 987 spii
1545 881 1723 990 interpo-

571 1034 691 1095 natur
716 1008 755 1092 8(
777 1002 967 1115 prismati,
995 1002 1107 1111 juxta
1121 999 1250 1086 basem
1266 1002 1350 1109 ejus
1367 1004 1408 1087 A
1426 1001 1476 1108 B,
1501 1005 1614 1114 quod
1637 1033 1727 1091 um·

570 1134 684 1218 bram
719 1129 911 1238 projiceat
946 1128 990 1214 iu
1025 1124 1083 1211 M
1107 1128 1159 1245 f,
1183 1123 1340 1214 colores
1365 1119 1515 1214 efficiat
1538 1129 1582 1214 in
1602 1129 1728 1239 spatio

571 1259 676 1364 PT,
704 1261 742 1345 ἃ
771 1257 904 1345 lucem
937 1256 1147 1379 pepmittat
1179 1258 1223 1341 in
1241 1253 1369 1367 ipsum
1402 1257 1447 1341 N
1470 1257 1513 1342 T
1532 1254 1726 1345 influere:

573 1388 618 1473 in
635 1389 668 1473 P
683 1382 725 1471 Τ
743 1383 921 1472 confinio
946 1383 1047 1505 lucis
1070 1382 1109 1474 u
1135 1383 1286 1470 umbrae
1310 1380 1409 1468 nulli
1433 1382 1587 1470 colores
1611 1408 1729 1495 gene-

576 1516 777 1603 rabuntur
797 1531 938 1624 prater
952 1538 1199 1624 purpureum
1216 1515 1256 1597 u
1269 1510 1481 1596 ceruleum
1499 1540 1594 1599 cunr
1614 1510 1733 1598 variis

577 1666 720 1723 eorum
743 1640 947 1749 gradibus.
998 1642 1055 1723 Et
1081 1638 1185 1768 iptio
1200 1636 1271 1747 est,
1297 1637 1410 1749 quod
1437 1664 1486 1723 ex
1510 1637 1629 1726 radiis
1647 1660 1732 1721 om·

576 1765 694 1851 nium
722 1763 957 1869 formarum,
993 1761 1065 1870 qui
1085 1762 1289 1851 transeunt
1323 1789 1394 1873 per
1436 1764 1732 1850 extremitatem
1780 1782 1788 1794 ·
1896 1798 1901 1809 ·

576 1887 676 1970 dieti
707 1889 890 1996 corporis
919 1885 1034 1995 opaci
1054 1889 1088 1971 F
1106 1892 1161 1994 G,
1186 1884 1259 1971 soli
1277 1885 1594 1997 purpuriformes
1615 1917 1736 2000 prop.

578 2030 641 2097 ter
662 2008 881 2097 maximam
899 2031 1042 2097 eurum
1061 2009 1343 2093 refractionem
1363 2006 1526 2115 poss'unt
1553 2017 1603 2095 ad
1622 2018 1656 2092 Ρ
1674 2014 1739 2094 us-

577 2157 658 2249 quc
682 2124 857 2231 dcfleffl,
884 2126 990 2207 unde
1010 2124 1126 2207 color
1150 2150 1374 2235 purpureus
1397 2127 1455 2212 ibi
1472 2130 1735 2238 conspicitur.

576 2253 740 2347 Deinde
774 2244 1071 2351 caeruliformes,
1110 2275 1204 2335 cum
1224 2245 1346 2360 paulo
1379 2251 1513 2338 minus
1541 2248 1740 2366 refrangi·

579 2379 681 2469 biles
693 2374 878 2483 existant,
898 2373 1077 2461 incident
1100 2373 1145 2462 in
1161 2396 1300 2462 totum
1316 2372 1485 2484 spatium
1503 2379 1548 2462 N
1564 2382 1626 2487 Q,
1653 2410 1738 2470 non

581 2530 771 2622 potentes
801 2503 970 2593 ulterius
1003 2501 1139 2590 versus
1172 2507 1229 2591 M
1264 2501 1424 2591 deflecti
1451 2531 1576 2619 quam
1608 2511 1657 2594 ad
1682 2514 1738 2621 Q.

583 2647 725 2751 Atque
739 2638 795 2723 ita
810 2636 898 2720 dun
922 2631 1127 2725 radiorum
1148 2631 1288 2745 specics
1306 2659 1440 2746 eaeque
1461 2634 1548 2720 sola
1563 2634 1739 2725 incident

582 2762 627 2848 in
643 2766 706 2871 Q,
733 2758 980 2845 &colorem
1000 2785 1050 2843 tx
1071 2760 1334 2867 purpureo&
1357 2759 1523 2844 caeruleo
1546 2762 1739 2871 composu-

585 2906 676 2979 tum
703 2884 982 2979 exhibebunt„
1019 2886 1209 2968 Praeterea
1229 2882 1497 2973 viridiformes
1519 2887 1652 2975 minus
1671 2893 1740 2980 adv

583 3009 666 3099 huc
682 3005 952 3120 refrangibiles
965 3009 1012 3103 ,in
1033 3006 1158 3117 spatio
1177 3009 1222 3090 N
1243 3013 1283 3094 R
1300 3036 1384 3100 non
1401 3010 1503 3101 ultra
1520 3018 1741 3105 extenden.

587 3154 657 3235 tur
674 3162 796 3247 quam
813 3137 862 3220 ad
875 3141 936 3233 R.
993 3133 1257 3234 Elaviformes
1274 3158 1410 3232 antem
1422 3141 1743 3233 terminabuntur

587 3259 630 3342 in
646 3265 684 3340 S;
713 3248 721 3261 ”
742 3264 877 3364 Quare
893 3280 973 3344 tres
991 3280 1150 3345 tantum
1165 3257 1308 3364 species
1326 3263 1509 3347 colorum
1522 3267 1742 3353 miscebun-

588 3404 656 3473 tur
673 3381 723 3469 ad
740 3382 794 3478 R,
820 3381 859 3462 81
887 3378 1001 3461 color
1028 3380 1154 3467 exiis
1174 3380 1361 3461 omnibus
1390 3381 1554 3491 (nempe
1576 3417 1626 3471 ex
1644 3421 1742 3501 pur.

587 3528 727 3619 puteo,
768 3497 934 3585 caeruleo
969 3500 1009 3584 dr
1045 3496 1186 3603 viridi)
1228 3501 1495 3615 generabitur.
1549 3516 1607 3600 At
1641 3539 1744 3610 cum

589 3618 866 3748 purpureus&
887 3620 1028 3709 viridis
1058 3626 1268 3716 commixti
1291 3629 1515 3739 producant
1530 3633 1744 3731 caeruleum

592 3757 660 3865 (ut
677 3752 790 3845 facile
807 3754 866 3842 est'
882 3781 935 3840 ex·
954 3770 1047 3837 ante
1061 3747 1177 3838 diuis
1192 3751 1382 3864 experiri)
1411 3754 1536 3871 liquet
1562 3760 1744 3859 colorem

593 3874 723 3972 adu
753 3913 837 3970 uon
869 3877 1097 3966 fore-alium
1117 3903 1240 3991 quam
1263 3877 1486 3971 caeruleum.
1541 3891 1743 4003 Denique,

593 4038 688 4112 cum
708 4010 808 4113 radii
836 4004 1094 4127 rubriiurmes
1123 4005 1289 4128 minime
1318 4009 1502 4103 omnium
1526 4004 1742 4129 refringan-

1346 4184 1348 4190 ·
1662 4160 1767 4257 tun,

534 3834 540 3870 b
