<?xml version="1.0" encoding="UTF-8"?>
<!DOCTYPE html PUBLIC "-//W3C//DTD XHTML 1.0 Transitional//EN"
    "http://www.w3.org/TR/xhtml1/DTD/xhtml1-transitional.dtd">
<html xmlns="http://www.w3.org/1999/xhtml" xml:lang="en" lang="en">
 <head>
  <title>
</title>
<meta http-equiv="Content-Type" content="text/html;charset=utf-8" />
  <meta name='ocr-system' content='tesseract 3.04.00' />
  <meta name='ocr-capabilities' content='ocr_page ocr_carea ocr_par ocr_line ocrx_word'/>
</head>
<body>
  <div class='ocr_page' id='page_1' title='image "./isaacinewtonieq01newtgoog_0040.png"; bbox 0 0 4028 5252; ppageno 0'>
   <div class='ocr_carea' id='block_1_1' title="bbox 306 362 1478 499">
    <p class='ocr_par' dir='ltr' id='par_1_1' title="bbox 306 362 1478 499">
     <span class='ocr_line' id='line_1_1' title="bbox 306 362 1478 499; baseline -0.033 -14"><span class='ocrx_word' id='word_1_1' title='bbox 306 376 427 484; x_wconf 68' lang='lat' dir='ltr'>Stel.</span> <span class='ocrx_word' id='word_1_2' title='bbox 465 374 528 499; x_wconf 67' lang='lat' dir='ltr'>l·</span> <span class='ocrx_word' id='word_1_3' title='bbox 576 362 1271 469; x_wconf 58' lang='lat' dir='ltr'>urant-nmmum.</span> <span class='ocrx_word' id='word_1_4' title='bbox 1401 387 1478 498; x_wconf 85' lang='lat'>17-</span> 
     </span>
    </p>
   </div>
   <div class='ocr_carea' id='block_1_2' title="bbox 303 568 1465 1209">
    <p class='ocr_par' dir='ltr' id='par_1_2' title="bbox 303 568 1465 1209">
     <span class='ocr_line' id='line_1_2' title="bbox 304 568 1464 692; baseline -0.017 -14"><span class='ocrx_word' id='word_1_5' title='bbox 304 588 397 678; x_wconf 78' lang='lat' dir='ltr'>lelir</span> <span class='ocrx_word' id='word_1_6' title='bbox 411 576 551 673; x_wconf 85' lang='lat' dir='ltr'>baberi</span> <span class='ocrx_word' id='word_1_7' title='bbox 575 570 751 692; x_wconf 81' lang='lat' dir='ltr'>poliunt,</span> <span class='ocrx_word' id='word_1_8' title='bbox 776 576 816 664; x_wconf 78' lang='lat' dir='ltr'>u</span> <span class='ocrx_word' id='word_1_9' title='bbox 838 568 1057 662; x_wconf 83' lang='lat' dir='ltr'>adsensum</span> <span class='ocrx_word' id='word_1_10' title='bbox 1075 573 1176 661; x_wconf 81' lang='lat' dir='ltr'>tales</span> <span class='ocrx_word' id='word_1_11' title='bbox 1195 573 1464 683; x_wconf 84' lang='lat' dir='ltr'>videbuntur;</span> 
     </span>
     <span class='ocr_line' id='line_1_3' title="bbox 303 696 1465 819; baseline -0.015 -12"><span class='ocrx_word' id='word_1_12' title='bbox 303 722 347 807; x_wconf 72' lang='lat'>81</span> <span class='ocrx_word' id='word_1_13' title='bbox 363 714 415 804; x_wconf 87' lang='lat' dir='ltr'>fic</span> <span class='ocrx_word' id='word_1_14' title='bbox 445 730 581 799; x_wconf 90' lang='lat' dir='ltr'>totum</span> <span class='ocrx_word' id='word_1_15' title='bbox 605 702 777 819; x_wconf 83' lang='lat' dir='ltr'>spatium</span> <span class='ocrx_word' id='word_1_16' title='bbox 803 696 1010 806; x_wconf 80' lang='lat' dir='ltr'>PYTZ,</span> <span class='ocrx_word' id='word_1_17' title='bbox 1036 700 1158 787; x_wconf 84' lang='lat' dir='ltr'>radiis</span> <span class='ocrx_word' id='word_1_18' title='bbox 1177 729 1227 788; x_wconf 83' lang='lat' dir='ltr'>ex</span> <span class='ocrx_word' id='word_1_19' title='bbox 1245 703 1386 791; x_wconf 72' lang='lat' dir='ltr'>eidem</span> <span class='ocrx_word' id='word_1_20' title='bbox 1403 706 1465 790; x_wconf 89' lang='lat' dir='ltr'>in·</span> 
     </span>
     <span class='ocr_line' id='line_1_4' title="bbox 303 827 1465 944; baseline -0.026 -9"><span class='ocrx_word' id='word_1_21' title='bbox 303 841 481 939; x_wconf 75' lang='lat' dir='ltr'>cidential</span> <span class='ocrx_word' id='word_1_22' title='bbox 512 835 623 927; x_wconf 81' lang='lat' dir='ltr'>varie</span> <span class='ocrx_word' id='word_1_23' title='bbox 654 827 832 920; x_wconf 64' lang='lat' dir='ltr'>rebellis</span> <span class='ocrx_word' id='word_1_24' title='bbox 858 827 1144 935; x_wconf 84' lang='lat' dir='ltr'>illuminatum,</span> <span class='ocrx_word' id='word_1_25' title='bbox 1172 832 1319 939; x_wconf 91' lang='lat' dir='ltr'>partim</span> <span class='ocrx_word' id='word_1_26' title='bbox 1338 832 1465 944; x_wconf 81' lang='lat' dir='ltr'>paral.</span> 
     </span>
     <span class='ocr_line' id='line_1_5' title="bbox 305 953 1464 1071; baseline -0.016 -10"><span class='ocrx_word' id='word_1_27' title='bbox 305 974 391 1061; x_wconf 86' lang='lat' dir='ltr'>lelis</span> <span class='ocrx_word' id='word_1_28' title='bbox 406 968 527 1056; x_wconf 71' lang='lat' dir='ltr'>renis</span> <span class='ocrx_word' id='word_1_29' title='bbox 554 968 596 1052; x_wconf 73' lang='lat' dir='ltr'>br</span> <span class='ocrx_word' id='word_1_30' title='bbox 626 956 777 1071; x_wconf 89' lang='lat' dir='ltr'>partim</span> <span class='ocrx_word' id='word_1_31' title='bbox 795 953 1052 1041; x_wconf 81' lang='lat' dir='ltr'>semicirculis</span> <span class='ocrx_word' id='word_1_32' title='bbox 1068 957 1260 1066; x_wconf 81' lang='lat' dir='ltr'>oppositis</span> <span class='ocrx_word' id='word_1_33' title='bbox 1275 960 1464 1046; x_wconf 87' lang='lat' dir='ltr'>termina·</span> 
     </span>
     <span class='ocr_line' id='line_1_6' title="bbox 306 1079 1199 1209; baseline -0.031 -20"><span class='ocrx_word' id='word_1_34' title='bbox 306 1102 418 1189; x_wconf 89' lang='lat' dir='ltr'>bitur</span> <span class='ocrx_word' id='word_1_35' title='bbox 437 1128 450 1201; x_wconf 81' lang='lat'>3</span> <span class='ocrx_word' id='word_1_36' title='bbox 477 1091 575 1181; x_wconf 75' lang='lat' dir='ltr'>sicut</span> <span class='ocrx_word' id='word_1_37' title='bbox 592 1079 841 1209; x_wconf 71' lang='lat' dir='ltr'>experientirl</span> <span class='ocrx_word' id='word_1_38' title='bbox 855 1100 1111 1191; x_wconf 84' lang='lat' dir='ltr'>compertum</span> <span class='ocrx_word' id='word_1_39' title='bbox 1127 1081 1199 1166; x_wconf 89' lang='lat' dir='ltr'>est.</span> 
     </span>
    </p>
   </div>
   <div class='ocr_carea' id='block_1_3' title="bbox 308 1432 1465 1756">
    <p class='ocr_par' dir='ltr' id='par_1_3' title="bbox 308 1432 1465 1756">
     <span class='ocr_line' id='line_1_7' title="bbox 308 1432 1465 1589; baseline -0.007 -34"><span class='ocrx_word' id='word_1_40' title='bbox 308 1451 446 1555; x_wconf 90' lang='lat' dir='ltr'>Xlll.</span> <span class='ocrx_word' id='word_1_41' title='bbox 483 1436 673 1556; x_wconf 76' lang='lat' dir='ltr'>Exinde</span> <span class='ocrx_word' id='word_1_42' title='bbox 697 1432 944 1545; x_wconf 82' lang='lat' dir='ltr'><em>deducitur</em></span> <span class='ocrx_word' id='word_1_43' title='bbox 969 1435 1343 1580; x_wconf 79' lang='lat' dir='ltr'><em>experimentum,</em></span> <span class='ocrx_word' id='word_1_44' title='bbox 1379 1477 1465 1589; x_wconf 78' lang='lat' dir='ltr'>quo</span> 
     </span>
     <span class='ocr_line' id='line_1_8' title="bbox 380 1590 1235 1756; baseline -0.022 -36"><span class='ocrx_word' id='word_1_45' title='bbox 380 1604 578 1720; x_wconf 79' lang='lat' dir='ltr'>termini</span> <span class='ocrx_word' id='word_1_46' title='bbox 597 1604 721 1710; x_wconf 69' lang='lat' dir='ltr'>retii</span> <span class='ocrx_word' id='word_1_47' title='bbox 733 1592 866 1742; x_wconf 80' lang='lat' dir='ltr'>fiunt</span> <span class='ocrx_word' id='word_1_48' title='bbox 886 1590 1235 1756; x_wconf 67' lang='lat' dir='ltr'>distendiffimi.</span> 
     </span>
    </p>
   </div>
   <div class='ocr_carea' id='block_1_4' title="bbox 309 1830 1465 2102">
    <p class='ocr_par' dir='ltr' id='par_1_4' title="bbox 309 1830 1465 2102">
     <span class='ocr_line' id='line_1_9' title="bbox 361 1830 1465 1960; baseline -0.015 -8"><span class='ocrx_word' id='word_1_49' title='bbox 361 1864 513 1953; x_wconf 77' lang='lat' dir='ltr'>Hauc</span> <span class='ocrx_word' id='word_1_50' title='bbox 533 1875 667 1943; x_wconf 86' lang='lat' dir='ltr'>autem</span> <span class='ocrx_word' id='word_1_51' title='bbox 690 1847 964 1959; x_wconf 71' lang='lat' dir='ltr'>conjesturam</span> <span class='ocrx_word' id='word_1_52' title='bbox 988 1870 1037 1935; x_wconf 90' lang='lat' dir='ltr'>ut</span> <span class='ocrx_word' id='word_1_53' title='bbox 1060 1830 1219 1959; x_wconf 82' lang='lat' dir='ltr'>penitus</span> <span class='ocrx_word' id='word_1_54' title='bbox 1237 1850 1465 1960; x_wconf 88' lang='lat' dir='ltr'>probarem,</span> 
     </span>
     <span class='ocr_line' id='line_1_10' title="bbox 309 1975 1464 2102; baseline -0.013 -22"><span class='ocrx_word' id='word_1_55' title='bbox 309 1988 534 2102; x_wconf 82' lang='lat' dir='ltr'>cogitabam</span> <span class='ocrx_word' id='word_1_56' title='bbox 561 1986 610 2072; x_wconf 89' lang='lat' dir='ltr'>de</span> <span class='ocrx_word' id='word_1_57' title='bbox 637 1980 816 2092; x_wconf 83' lang='lat' dir='ltr'>imagine</span> <span class='ocrx_word' id='word_1_58' title='bbox 849 1976 943 2065; x_wconf 81' lang='lat' dir='ltr'>solis</span> <span class='ocrx_word' id='word_1_59' title='bbox 973 2005 1044 2087; x_wconf 86' lang='lat' dir='ltr'>per</span> <span class='ocrx_word' id='word_1_60' title='bbox 1082 1975 1262 2063; x_wconf 84' lang='lat' dir='ltr'>foramen</span> <span class='ocrx_word' id='word_1_61' title='bbox 1298 1977 1464 2090; x_wconf 76' lang='lat' dir='ltr'>aliquod</span> 
     </span>
    </p>
   </div>
   <div class='ocr_carea' id='block_1_5' title="bbox 306 2101 1466 2356">
    <p class='ocr_par' dir='ltr' id='par_1_5' title="bbox 306 2101 1466 2356">
     <span class='ocr_line' id='line_1_11' title="bbox 306 2101 1466 2215; baseline -0.012 -10"><span class='ocrx_word' id='word_1_62' title='bbox 306 2116 388 2204; x_wconf 84' lang='lat' dir='ltr'>fine</span> <span class='ocrx_word' id='word_1_63' title='bbox 401 2115 482 2202; x_wconf 80' lang='lat' dir='ltr'>ulla</span> <span class='ocrx_word' id='word_1_64' title='bbox 501 2107 738 2199; x_wconf 64' lang='lat' dir='ltr'>reliallionc</span> <span class='ocrx_word' id='word_1_65' title='bbox 762 2106 813 2190; x_wconf 82' lang='lat' dir='ltr'>ati</span> <span class='ocrx_word' id='word_1_66' title='bbox 829 2101 1059 2189; x_wconf 83' lang='lat' dir='ltr'>distantiam</span> <span class='ocrx_word' id='word_1_67' title='bbox 1085 2128 1270 2215; x_wconf 89' lang='lat' dir='ltr'>magnam</span> <span class='ocrx_word' id='word_1_68' title='bbox 1290 2103 1466 2213; x_wconf 69' lang='lat' dir='ltr'>trajebli,</span> 
     </span>
     <span class='ocr_line' id='line_1_12' title="bbox 306 2227 1465 2356; baseline -0.012 -26"><span class='ocrx_word' id='word_1_69' title='bbox 306 2242 451 2331; x_wconf 84' lang='lat' dir='ltr'>scilicet</span> <span class='ocrx_word' id='word_1_70' title='bbox 467 2240 579 2356; x_wconf 92' lang='lat' dir='ltr'>quod</span> <span class='ocrx_word' id='word_1_71' title='bbox 598 2234 703 2325; x_wconf 85' lang='lat' dir='ltr'>male</span> <span class='ocrx_word' id='word_1_72' title='bbox 719 2227 927 2338; x_wconf 86' lang='lat' dir='ltr'>definitur,</span> <span class='ocrx_word' id='word_1_73' title='bbox 956 2227 1130 2315; x_wconf 87' lang='lat' dir='ltr'>termino</span> <span class='ocrx_word' id='word_1_74' title='bbox 1151 2228 1343 2316; x_wconf 83' lang='lat' dir='ltr'>existente</span> <span class='ocrx_word' id='word_1_75' title='bbox 1359 2234 1465 2317; x_wconf 87' lang='lat' dir='ltr'>inter</span> 
     </span>
    </p>
   </div>
   <div class='ocr_carea' id='block_1_6' title="bbox 182 2357 1465 2460">
    <p class='ocr_par' dir='ltr' id='par_1_6' title="bbox 182 2357 1465 2460">
     <span class='ocr_line' id='line_1_13' title="bbox 182 2357 1465 2460; baseline -0.011 1"><span class='ocrx_word' id='word_1_76' title='bbox 182 2388 189 2399; x_wconf 82' lang='grc'><em>“</em></span> <span class='ocrx_word' id='word_1_77' title='bbox 306 2371 491 2460; x_wconf 79' lang='lat' dir='ltr'>breem&amp;</span> <span class='ocrx_word' id='word_1_78' title='bbox 518 2368 705 2454; x_wconf 83' lang='lat' dir='ltr'>tenebras</span> <span class='ocrx_word' id='word_1_79' title='bbox 727 2361 896 2449; x_wconf 88' lang='lat' dir='ltr'>minime</span> <span class='ocrx_word' id='word_1_80' title='bbox 922 2357 1132 2446; x_wconf 76' lang='lat' dir='ltr'>distin&amp;o:</span> <span class='ocrx_word' id='word_1_81' title='bbox 1160 2366 1219 2448; x_wconf 84' lang='lat' dir='ltr'>At</span> <span class='ocrx_word' id='word_1_82' title='bbox 1241 2357 1384 2449; x_wconf 79' lang='lat' dir='ltr'>srradii</span> <span class='ocrx_word' id='word_1_83' title='bbox 1401 2362 1465 2449; x_wconf 88' lang='lat' dir='ltr'>isti</span> 
     </span>
    </p>
   </div>
   <div class='ocr_carea' id='block_1_7' title="bbox 307 2482 1581 4226">
    <p class='ocr_par' dir='ltr' id='par_1_7' title="bbox 307 2482 1581 4127">
     <span class='ocr_line' id='line_1_14' title="bbox 309 2482 1464 2609; baseline -0.007 -30"><span class='ocrx_word' id='word_1_84' title='bbox 309 2524 379 2607; x_wconf 84' lang='lat' dir='ltr'>per</span> <span class='ocrx_word' id='word_1_85' title='bbox 398 2496 549 2579; x_wconf 87' lang='lat' dir='ltr'>lentem</span> <span class='ocrx_word' id='word_1_86' title='bbox 563 2515 788 2580; x_wconf 82' lang='lat' dir='ltr'>convexam</span> <span class='ocrx_word' id='word_1_87' title='bbox 800 2482 1014 2609; x_wconf 83' lang='lat' dir='ltr'>transeant,</span> <span class='ocrx_word' id='word_1_88' title='bbox 1038 2488 1150 2594; x_wconf 78' lang='lat' dir='ltr'>cujus</span> <span class='ocrx_word' id='word_1_89' title='bbox 1166 2483 1279 2572; x_wconf 89' lang='lat' dir='ltr'>focus</span> <span class='ocrx_word' id='word_1_90' title='bbox 1293 2488 1343 2573; x_wconf 91' lang='lat' dir='ltr'>ad</span> <span class='ocrx_word' id='word_1_91' title='bbox 1365 2488 1464 2576; x_wconf 88' lang='lat' dir='ltr'>ima·</span> 
     </span>
     <span class='ocr_line' id='line_1_15' title="bbox 311 2608 1466 2728; baseline -0.003 -27"><span class='ocrx_word' id='word_1_92' title='bbox 311 2622 450 2728; x_wconf 81' lang='lat' dir='ltr'>ginem</span> <span class='ocrx_word' id='word_1_93' title='bbox 480 2616 550 2723; x_wconf 86' lang='lat' dir='ltr'>est,</span> <span class='ocrx_word' id='word_1_94' title='bbox 574 2617 708 2725; x_wconf 83' lang='lat' dir='ltr'>imago</span> <span class='ocrx_word' id='word_1_95' title='bbox 744 2610 1027 2699; x_wconf 84' lang='lat' dir='ltr'>terminabitur</span> <span class='ocrx_word' id='word_1_96' title='bbox 1056 2608 1350 2700; x_wconf 74' lang='lat' dir='ltr'>distineliffime.</span> <span class='ocrx_word' id='word_1_97' title='bbox 1405 2614 1466 2699; x_wconf 87' lang='lat' dir='ltr'>Si-</span> 
     </span>
     <span class='ocr_line' id='line_1_16' title="bbox 314 2734 1581 2847; baseline -0.007 -18"><span class='ocrx_word' id='word_1_98' title='bbox 314 2740 406 2829; x_wconf 86' lang='lat' dir='ltr'>mili</span> <span class='ocrx_word' id='word_1_99' title='bbox 422 2740 548 2824; x_wconf 89' lang='lat' dir='ltr'>modo</span> <span class='ocrx_word' id='word_1_100' title='bbox 569 2740 619 2822; x_wconf 89' lang='lat' dir='ltr'>de</span> <span class='ocrx_word' id='word_1_101' title='bbox 635 2736 755 2819; x_wconf 86' lang='lat' dir='ltr'>radiis</span> <span class='ocrx_word' id='word_1_102' title='bbox 782 2762 891 2847; x_wconf 79' lang='lat' dir='ltr'>eque</span> <span class='ocrx_word' id='word_1_103' title='bbox 925 2734 1248 2847; x_wconf 85' lang='lat' dir='ltr'>refrangibilibus</span> <span class='ocrx_word' id='word_1_104' title='bbox 1271 2735 1464 2843; x_wconf 85' lang='lat' dir='ltr'>intellexi,</span> <span class='ocrx_word' id='word_1_105' title='bbox 1578 2840 1581 2847; x_wconf 18' lang='lat'>4</span> 
     </span>
     <span class='ocr_line' id='line_1_17' title="bbox 311 2859 1465 2984; baseline -0.007 -29"><span class='ocrx_word' id='word_1_106' title='bbox 311 2867 439 2984; x_wconf 80' lang='lat' dir='ltr'>quod,</span> <span class='ocrx_word' id='word_1_107' title='bbox 456 2863 485 2949; x_wconf 80' lang='lat' dir='ltr'>fi</span> <span class='ocrx_word' id='word_1_108' title='bbox 497 2891 571 2977; x_wconf 87' lang='lat' dir='ltr'>per</span> <span class='ocrx_word' id='word_1_109' title='bbox 584 2861 728 2976; x_wconf 81' lang='lat' dir='ltr'>prifina</span> <span class='ocrx_word' id='word_1_110' title='bbox 751 2862 1027 2972; x_wconf 85' lang='lat' dir='ltr'>trajicerentur</span> <span class='ocrx_word' id='word_1_111' title='bbox 1044 2862 1094 2950; x_wconf 82' lang='lat' dir='ltr'>ad</span> <span class='ocrx_word' id='word_1_112' title='bbox 1112 2859 1337 2947; x_wconf 87' lang='lat' dir='ltr'>distantiam</span> <span class='ocrx_word' id='word_1_113' title='bbox 1353 2887 1465 2975; x_wconf 88' lang='lat' dir='ltr'>mag·</span> 
     </span>
     <span class='ocr_line' id='line_1_18' title="bbox 308 2990 1464 3108; baseline -0.008 -20"><span class='ocrx_word' id='word_1_114' title='bbox 308 3025 417 3107; x_wconf 89' lang='lat' dir='ltr'>nam,</span> <span class='ocrx_word' id='word_1_115' title='bbox 430 2994 691 3108; x_wconf 83' lang='lat' dir='ltr'>depingerent</span> <span class='ocrx_word' id='word_1_116' title='bbox 701 2992 922 3104; x_wconf 90' lang='lat' dir='ltr'>imaginem</span> <span class='ocrx_word' id='word_1_117' title='bbox 941 2992 1173 3081; x_wconf 87' lang='lat' dir='ltr'>circularem</span> <span class='ocrx_word' id='word_1_118' title='bbox 1192 2990 1297 3079; x_wconf 73' lang='lat' dir='ltr'>male</span> <span class='ocrx_word' id='word_1_119' title='bbox 1321 2991 1464 3079; x_wconf 82' lang='lat' dir='ltr'>delini·</span> 
     </span>
     <span class='ocr_line' id='line_1_19' title="bbox 309 3119 1464 3231; baseline -0.005 -16"><span class='ocrx_word' id='word_1_120' title='bbox 309 3149 409 3227; x_wconf 84' lang='lat' dir='ltr'>tam,</span> <span class='ocrx_word' id='word_1_121' title='bbox 434 3124 546 3231; x_wconf 75' lang='lat' dir='ltr'>cuius</span> <span class='ocrx_word' id='word_1_122' title='bbox 575 3144 712 3208; x_wconf 88' lang='lat' dir='ltr'>tamen</span> <span class='ocrx_word' id='word_1_123' title='bbox 744 3121 961 3226; x_wconf 88' lang='lat' dir='ltr'>terminus,</span> <span class='ocrx_word' id='word_1_124' title='bbox 1002 3120 1204 3208; x_wconf 86' lang='lat' dir='ltr'>mediante</span> <span class='ocrx_word' id='word_1_125' title='bbox 1235 3119 1342 3206; x_wconf 87' lang='lat' dir='ltr'>lente</span> <span class='ocrx_word' id='word_1_126' title='bbox 1369 3147 1464 3209; x_wconf 91' lang='lat' dir='ltr'>con·</span> 
     </span>
     <span class='ocr_line' id='line_1_20' title="bbox 308 3243 1464 3358; baseline -0.004 -20"><span class='ocrx_word' id='word_1_127' title='bbox 308 3251 425 3355; x_wconf 72' lang='lat' dir='ltr'>vexi,</span> <span class='ocrx_word' id='word_1_128' title='bbox 466 3243 776 3334; x_wconf 75' lang='lat' dir='ltr'>distinfiiffimus</span> <span class='ocrx_word' id='word_1_129' title='bbox 808 3248 1009 3332; x_wconf 86' lang='lat' dir='ltr'>evaderet.</span> <span class='ocrx_word' id='word_1_130' title='bbox 1063 3247 1219 3358; x_wconf 86' lang='lat' dir='ltr'>Itaque,</span> <span class='ocrx_word' id='word_1_131' title='bbox 1265 3273 1383 3333; x_wconf 88' lang='lat' dir='ltr'>cum.</span> <span class='ocrx_word' id='word_1_132' title='bbox 1402 3248 1464 3333; x_wconf 88' lang='lat' dir='ltr'>vi·</span> 
     </span>
     <span class='ocr_line' id='line_1_21' title="bbox 307 3371 1463 3485; baseline -0.009 -16"><span class='ocrx_word' id='word_1_133' title='bbox 307 3374 445 3469; x_wconf 85' lang='lat' dir='ltr'>dillem</span> <span class='ocrx_word' id='word_1_134' title='bbox 461 3378 656 3462; x_wconf 87' lang='lat' dir='ltr'>terminos</span> <span class='ocrx_word' id='word_1_135' title='bbox 675 3374 863 3485; x_wconf 88' lang='lat' dir='ltr'>imaginis</span> <span class='ocrx_word' id='word_1_136' title='bbox 887 3371 1063 3460; x_wconf 72' lang='lat' dir='ltr'>refrastae</span> <span class='ocrx_word' id='word_1_137' title='bbox 1081 3381 1113 3461; x_wconf 93' lang='lat' dir='ltr'><strong>P</strong></span> <span class='ocrx_word' id='word_1_138' title='bbox 1135 3378 1170 3460; x_wconf 89' lang='lat' dir='ltr'>Y</span> <span class='ocrx_word' id='word_1_139' title='bbox 1188 3376 1279 3460; x_wconf 92' lang='lat' dir='ltr'>TZ</span> <span class='ocrx_word' id='word_1_140' title='bbox 1295 3399 1378 3458; x_wconf 90' lang='lat' dir='ltr'>non</span> <span class='ocrx_word' id='word_1_141' title='bbox 1394 3375 1463 3459; x_wconf 87' lang='lat' dir='ltr'>ad·</span> 
     </span>
     <span class='ocr_line' id='line_1_22' title="bbox 308 3501 1461 3616; baseline -0.002 -21"><span class='ocrx_word' id='word_1_142' title='bbox 308 3509 477 3596; x_wconf 90' lang='lat' dir='ltr'>modum</span> <span class='ocrx_word' id='word_1_143' title='bbox 505 3501 740 3611; x_wconf 60' lang='lat' dir='ltr'>distinblou·</span> <span class='ocrx_word' id='word_1_144' title='bbox 755 3505 805 3591; x_wconf 89' lang='lat' dir='ltr'>de</span> <span class='ocrx_word' id='word_1_145' title='bbox 828 3505 1075 3616; x_wconf 85' lang='lat' dir='ltr'>imaginibus</span> <span class='ocrx_word' id='word_1_146' title='bbox 1103 3508 1139 3588; x_wconf 92' lang='grc' dir='ltr'>Β</span> <span class='ocrx_word' id='word_1_147' title='bbox 1159 3509 1215 3615; x_wconf 88' lang='lat' dir='ltr'>D,</span> <span class='ocrx_word' id='word_1_148' title='bbox 1242 3501 1340 3611; x_wconf 86' lang='lat' dir='ltr'>YZ,</span> <span class='ocrx_word' id='word_1_149' title='bbox 1367 3512 1405 3592; x_wconf 84' lang='lat' dir='ltr'>A</span> <span class='ocrx_word' id='word_1_150' title='bbox 1421 3509 1461 3593; x_wconf 91' lang='lat' dir='ltr'>C</span> 
     </span>
     <span class='ocr_line' id='line_1_23' title="bbox 307 3629 1461 3744; baseline -0.006 -21"><span class='ocrx_word' id='word_1_151' title='bbox 307 3631 532 3744; x_wconf 83' lang='lat' dir='ltr'>&amp;reliquis</span> <span class='ocrx_word' id='word_1_152' title='bbox 565 3629 838 3736; x_wconf 86' lang='lat' dir='ltr'>circularibus,</span> <span class='ocrx_word' id='word_1_153' title='bbox 865 3630 1085 3743; x_wconf 89' lang='lat' dir='ltr'>oblongam</span> <span class='ocrx_word' id='word_1_154' title='bbox 1111 3630 1223 3717; x_wconf 90' lang='lat' dir='ltr'>istam</span> <span class='ocrx_word' id='word_1_155' title='bbox 1252 3629 1461 3716; x_wconf 86' lang='lat' dir='ltr'>formanti-</span> 
     </span>
     <span class='ocr_line' id='line_1_24' title="bbox 308 3756 1462 3870; baseline 0 -29"><span class='ocrx_word' id='word_1_156' title='bbox 308 3758 397 3865; x_wconf 85' lang='lat' dir='ltr'>bus,</span> <span class='ocrx_word' id='word_1_157' title='bbox 423 3759 697 3866; x_wconf 81' lang='lat' dir='ltr'>conjiciebam,</span> <span class='ocrx_word' id='word_1_158' title='bbox 739 3757 852 3870; x_wconf 92' lang='lat' dir='ltr'>quod</span> <span class='ocrx_word' id='word_1_159' title='bbox 874 3759 1005 3844; x_wconf 93' lang='lat' dir='ltr'>multo</span> <span class='ocrx_word' id='word_1_160' title='bbox 1024 3756 1245 3845; x_wconf 66' lang='lat' dir='ltr'>distinllius</span> <span class='ocrx_word' id='word_1_161' title='bbox 1273 3759 1462 3844; x_wconf 86' lang='lat' dir='ltr'>termina·</span> 
     </span>
     <span class='ocr_line' id='line_1_25' title="bbox 308 3884 1462 3998; baseline -0.001 -30"><span class='ocrx_word' id='word_1_162' title='bbox 308 3906 446 3969; x_wconf 88' lang='lat' dir='ltr'>rentur</span> <span class='ocrx_word' id='word_1_163' title='bbox 471 3912 541 3995; x_wconf 83' lang='lat' dir='ltr'>per</span> <span class='ocrx_word' id='word_1_164' title='bbox 568 3886 717 3974; x_wconf 86' lang='lat' dir='ltr'>lentem</span> <span class='ocrx_word' id='word_1_165' title='bbox 746 3912 967 3971; x_wconf 82' lang='lat' dir='ltr'>convexam</span> <span class='ocrx_word' id='word_1_166' title='bbox 997 3884 1166 3994; x_wconf 57' lang='lat' dir='ltr'>truie&amp;</span> <span class='ocrx_word' id='word_1_167' title='bbox 1185 3913 1307 3998; x_wconf 91' lang='lat' dir='ltr'>quam</span> <span class='ocrx_word' id='word_1_168' title='bbox 1332 3887 1462 3990; x_wconf 88' lang='lat' dir='ltr'>aliter,</span> 
     </span>
     <span class='ocr_line' id='line_1_26' title="bbox 308 4013 1460 4127; baseline -0.007 -22"><span class='ocrx_word' id='word_1_169' title='bbox 308 4014 583 4124; x_wconf 62' lang='lat' dir='ltr'>&amp;experienti</span> <span class='ocrx_word' id='word_1_170' title='bbox 602 4022 676 4104; x_wconf 86' lang='lat' dir='ltr'>res&#39;</span> <span class='ocrx_word' id='word_1_171' title='bbox 692 4013 837 4127; x_wconf 82' lang='lat' dir='ltr'>patuit.</span> <span class='ocrx_word' id='word_1_172' title='bbox 891 4016 1001 4102; x_wconf 88' lang='lat' dir='ltr'>Nam</span> <span class='ocrx_word' id='word_1_173' title='bbox 1021 4013 1147 4103; x_wconf 65' lang='lat' dir='ltr'>tebias</span> <span class='ocrx_word' id='word_1_174' title='bbox 1166 4023 1209 4104; x_wconf 79' lang='grc' dir='ltr'><strong>Α</strong></span> <span class='ocrx_word' id='word_1_175' title='bbox 1226 4019 1261 4099; x_wconf 91' lang='grc' dir='ltr'>Β</span> <span class='ocrx_word' id='word_1_176' title='bbox 1293 4020 1333 4105; x_wconf 71' lang='lat'>8(</span> <span class='ocrx_word' id='word_1_177' title='bbox 1351 4018 1389 4101; x_wconf 89' lang='lat' dir='ltr'>C</span> <span class='ocrx_word' id='word_1_178' title='bbox 1405 4019 1460 4114; x_wconf 92' lang='lat' dir='ltr'>D,</span> 
     </span>
    </p>

    <p class='ocr_par' dir='ltr' id='par_1_8' title="bbox 887 4133 1458 4226">
     <span class='ocr_line' id='line_1_27' title="bbox 887 4133 1458 4226; baseline -0.016 0"><span class='ocrx_word' id='word_1_179' title='bbox 887 4144 929 4226; x_wconf 90' lang='lat' dir='ltr'>D</span> <span class='ocrx_word' id='word_1_180' title='bbox 1411 4133 1458 4219; x_wconf 86' lang='lat' dir='ltr'>in</span> 
     </span>
    </p>
   </div>
   <div class='ocr_carea' id='block_1_8' title="bbox 0 0 2022 5252">
    <p class='ocr_par' dir='ltr' id='par_1_9' title="bbox 0 0 2022 5252">
     <span class='ocr_line' id='line_1_28' title="bbox 0 0 2022 5252; baseline 0 0"><span class='ocrx_word' id='word_1_181' title='bbox 0 0 2022 5252; x_wconf 95' lang='lat' dir='ltr'> </span> 
     </span>
    </p>
   </div>
  </div>
 </body>
</html>
