4058 5258
331 386 452 494 seer.
481 374 542 482 II.
591 376 884 482 Colonum
924 366 1309 482 Pnnuoumrrs}
1381 379 1488 528 259'

334 612 481 718 Deque
510 602 601 686 totd
633 593 869 686 subcaerulerl
904 595 1010 682 linei
1051 600 1151 683 DE
1184 596 1397 685 consimilis
1426 603 1484 688 est

330 732 540 820 discursus.

381 995 516 1075 Hrnc
539 1001 677 1070 autem
704 981 807 1067 linea
832 1007 915 1067 non
939 974 1046 1064 recta
1072 972 1142 1086 est,
1164 981 1228 1071 sed
1254 981 1297 1068 in
1326 1009 1482 1074 morem

331 1144 447 1201 arcus
475 1114 696 1214 incurvata,
741 1130 954 1220 propterea
984 1109 1097 1219 quod
1127 1109 1276 1221 punlla
1310 1111 1482 1197 radiosa

327 1239 639 1352 bafiprismatis
675 1236 726 1322 ad
768 1237 932 1322 oculum
962 1233 1006 1320 in
1044 1241 1196 1348 angulo
1234 1238 1482 1326 refrallionis

328 1370 427 1453 dato
459 1366 673 1455 refilientes
701 1360 945 1456 reflellentia
971 1362 1164 1473 ejusmodi
1192 1394 1359 1455 curvam
1385 1392 1481 1473 cong
1656 1405 1731 1523 s

330 1493 514 1581 stituunt.
1460 1522 1465 1533 ·

379 1753 520 1861 Quoo'
547 1748 599 1835 ad
632 1742 894 1833 refradliones
920 1746 963 1834 in
989 1742 1265 1859 superficiebus
1284 1744 1479 1857 prifinatis

326 1879 414 1964 PG
439 1879 478 1963 ἃ
496 1881 529 1963 F
545 1877 589 1961 H
605 1871 728 1961 fallas
750 1873 911 1985 spectat,
938 1875 1040 1961 nihil
1064 1874 1182 1961 refert
1201 1874 1243 1960 in
1268 1876 1478 1961 remotiori

324 2009 359 2092 F
374 2011 413 2088 G
427 2027 609 2114 quonam
629 2001 718 2109 fint,
733 2003 961 2093 dummodo
976 2002 1075 2090 radii
1090 2033 1112 2089 e
1126 2003 1363 2112 proximiori
1382 2007 1414 2088 F
1433 2006 1478 2089 Η

320 2129 701 2243 perpendiculariter
719 2150 939 2238 emergant,
960 2128 1111 2239 angulo
1130 2136 1168 2215 K
1179 2134 1269 2216 HG
1287 2126 1478 2214 existente

508 2266 598 2367 per.
653 2255 777 2365 Quod
810 2251 1033 2364 fiangulus
1062 2254 1129 2340 ille
1159 2258 1286 2366 major
1322 2254 1478 2360 existat,

312 2385 469 2472 colores
498 2385 540 2467 in
569 2381 676 2466 linei
707 2388 748 2465 D
765 2387 814 2486 E,
839 2382 1054 2487 adjuvante
1078 2379 1328 2488 refrallione,
1355 2380 1477 2487 paulo

314 2506 583 2592 distindliores
615 2505 815 2612 evadunt3
843 2507 882 2594 8<
909 2507 1044 2591 minus
1069 2498 1261 2608 distincti,
1287 2501 1316 2584 sr
1339 2500 1383 2586 srt
1399 2504 1476 2587 mi·

320 2659 408 2716 nor.
461 2631 601 2733 Major
630 2652 766 2714 autem
784 2630 891 2716 oculi
923 2662 947 2718 a
973 2628 1158 2733 prismate
1184 2628 1382 2737 distantia,
1409 2628 1476 2717 vel

315 2755 453 2865 (quod
472 2753 637 2863 perinde
666 2755 743 2863 est)
777 2756 932 2867 pupille
959 2754 1176 2846 coarctatio
1199 2754 1352 2857 colores
1371 2783 1475 2865 nont

92 2906 95 2913 '
153 2894 156 2899 ’
319 2879 420 2969 nihil
439 2878 606 2994 perficit.
911 2876 913 2879 ’

371 3143 441 3223 An
463 3135 662 3243 haec‚cum
678 3138 761 3222 duo
775 3135 958 3245 prismata
976 3137 1168 3248 parallelis
1177 3131 1472 3230 axibus&bnlr·

313 3262 391 3352 bus
418 3262 623 3374 contiguis
653 3264 705 3346 ad
738 3262 911 3346 invicem
931 3267 1192 3377 applicantur,
1219 3269 1311 3354 &in
1329 3296 1379 3354 eo
1395 3268 1471 3355 situ

311 3393 563 3504 colligantur,
595 3389 720 3474 iidem
731 3387 901 3481 omniuo
918 3387 1080 3479 effeetus
1096 3423 1165 3506 per
1175 3394 1304 3483 radios
1313 3398 1362 3484 ab
1379 3427 1470 3485 aere

311 3519 525 3606 intercluso
545 3516 714 3603 reflexos
734 3518 994 3627 producatur.
1050 3525 1124 3606 Sed
1144 3524 1245 3609 radii
1262 3521 1469 3611 transmifft

312 3646 534 3728 contrarios
571 3644 832 3729 exhibebunt.
888 3646 986 3734 Esto
1017 3654 1056 3733 A
1073 3652 1112 3733 C
1129 3652 1216 3732 DB
1257 3651 1349 3756 (fig.
1380 3652 1470 3758 49.)

311 3764 433 3848 sellio
466 3766 673 3875 utriusque
701 3769 897 3875 prismatis
927 3770 977 3852 ad
1010 3798 1151 3853 eorum
1193 3771 1466 3880 longitudines

311 3887 687 3996 perpendiculariter
716 3888 942 3996 transversa,
964 3896 1004 3974 ἃ
1028 3890 1345 3980 CBcontallus
1370 3891 1466 3979 basi·
1489 3906 1495 3915 '

310 4020 396 4101 um,
422 4014 492 4075 aut
527 3994 662 4100 potius
700 4022 766 4077 aer
803 4000 1047 4086 interclusus.
1104 4000 1265 4112 Quippe
1282 4002 1466 4110 prismata

308 4121 379 4206 vix
409 4138 559 4232 queant
583 4139 667 4202 tam
690 4113 798 4204 arlle
824 4122 1052 4232 comprimi,
1092 4122 1192 4235 quin
1211 4147 1258 4211 ut
1280 4147 1347 4208 aer
1361 4146 1465 4204 non·

800 4247 837 4331 L
865 4245 879 4331 l
909 4269 931 4331 n
1330 4243 1463 4338 nullus
