4028 5252
541 432 574 515 2
678 400 1429 511 RanronuuDrvtnen
1523 358 1699 515 Persi.

544 627 770 722 geometras
793 608 836 695 in
860 605 1037 721 quidam
1057 605 1158 703 lucis
1174 607 1431 718 proprietate,
1458 636 1547 724 quae
1568 614 1618 700 ad
1640 636 1706 699 re-

542 733 754 822 fractiones
785 731 947 844 spedat,
981 731 1184 845 hucusque
1210 733 1495 823 hallucinantes
1526 738 1706 845 videam,

545 861 907 951 demonstrationes
933 861 1019 948 suae
1044 861 1087 948 in
1109 861 1321 974 hypothefi
1344 866 1519 981 quidam
1538 863 1704 977 physrcd

544 992 653 1079 lraud
670 992 772 1078 bene
788 988 963 1075 stabiliti
975 987 1097 1074 tacite
1120 987 1358 1097 fundantem
1385 1018 1469 1078 non
1493 992 1699 1106 ingratum
1820 1078 1823 1082 ,

469 1126 474 1134 ’
544 1146 610 1205 me
644 1115 846 1204 laetarum
887 1114 1034 1223 judicO,
1077 1116 1106 1201 fi
1145 1115 1338 1224 principia
1376 1116 1542 1204 scientia
1581 1116 1701 1229 hujus

546 1244 723 1330 examini
760 1241 948 1327 severiori
981 1239 1198 1350 subjiciam,
1234 1242 1287 1345 δι,
1329 1267 1420 1353 quae
1463 1267 1541 1352 ego
1572 1243 1623 1327 de
1651 1244 1706 1329 iit

546 1366 661 1456 fimul
692 1365 933 1480 excogitavi,
978 1365 1296 1477 &experiendi
1322 1364 1535 1476 multiplici
1570 1365 1701 1457 habeo

547 1520 766 1610 comperta,
804 1492 1033 1581 subnedam
1071 1493 1134 1602 iis,
1170 1521 1260 1607 quae
1296 1495 1558 1587 Reverendus
1587 1520 1707 1583 meus

548 1618 781 1709 Antecellor
799 1619 864 1704 hic
879 1618 958 1704 loci
975 1616 1171 1727 postrema
1184 1620 1307 1705 dixit.

602 1875 963 1960 inierunu‘run
987 1869 1218 1980 Dioptrices
1241 1869 1417 1981 studiosr,
1455 1871 1568 1984 quod
1608 1898 1702 1983 per·

512 2003 692 2126 ⁴¹spicillu
723 2003 774 2088 ad
801 2001 1023 2112 quemlibet
1050 1998 1306 2112 perfeetionis
1336 2004 1506 2112 gradum
1536 2001 1706 2112 perduci²

549 2128 716 2241 pollent,
743 2130 867 2216 modo
894 2129 1025 2237 vitris,
1078 2129 1177 2215 dum
1204 2130 1499 2240 perpoliuntur,
1541 2155 1706 2240 geome·
1757 2185 1771 2197 ,

548 2262 704 2369 ericam,
730 2284 854 2375 quam
887 2259 1050 2365 vellent,
1090 2257 1261 2371 figuram
1289 2257 1586 2346 communicare
1608 2285 1708 2344 con·

547 2391 780 2497 cederetur3
808 2392 847 2475 8<
868 2386 909 2472 in
928 2414 1021 2475 eum
1041 2386 1164 2473 finem
1182 2388 1444 2473 instrumenta
1461 2386 1568 2471 varia
1590 2381 1711 2472 fuere

549 2519 791 2628 excogitata,
816 2517 966 2633 quibus
993 2515 1153 2602 vitrain
1177 2514 1324 2629 figuras
1343 2510 1619 2627 hyperbolicas
1635 2510 1704 2595 vel

548 2649 671 2734 etiam
688 2648 931 2760 parabolicae
959 2667 1280 2735 contererentur.
1333 2647 1410 2732 Sed
1439 2639 1577 2730 exacta
1610 2640 1709 2728 ista·-

546 2803 638 2864 num
654 2777 872 2890 figurarum
892 2776 1100 2866 fabricatio
1112 2775 1266 2877 nemini
1281 2773 1483 2882 hucusque
1507 2769 1704 2881 successit:

547 2904 692 2988 scilicet
719 2928 854 2987 aratur
881 2906 992 3001 litus,
1036 2904 1076 2980 δι
1099 2925 1151 2977 ne
1178 2896 1334 2978 labores
1360 2895 1450 2974 suos
1472 2894 1516 2975 in
1535 2894 1713 3001 negotio

548 3024 755 3132 desperato
800 3018 952 3103 diutius
988 3013 1209 3120 insumant,
1247 3014 1305 3097 iis.
1340 3013 1519 3124 pollioeri
1561 3017 1715 3125 audeo„

549 3149 676 3260 quod,
706 3145 800 3228 licet
818 3137 953 3223 omnia
971 3137 1114 3223 fierent
1140 3137 1323 3245 feliciter,
1351 3138 1452 3225 nihil
1480 3142 1614 3229 minus
1644 3165 1706 3230 ta·

549 3298 645 3358 men
663 3285 788 3384 quarn
818 3265 925 3352 votis
954 3264 1031 3352 suis
1057 3267 1348 3379 responderent.
1404 3272 1568 3357 Etenim
1586 3272 1743 3383 vitm,
1841 3379 1846 3387 ι

549 3383 644 3484 licet
667 3388 927 3480 efformentur
954 3388 1168 3479 secundum
1198 3393 1345 3504 figuras
1370 3391 1413 3478 in
1438 3394 1557 3481 istum
1582 3394 1706 3482 finem

551 3517 738 3630 optimas,
762 3544 851 3630 quae
876 3512 1035 3624 poliunt
1058 3518 1293 3628 excogitari,
1319 3539 1453 3603 tamen
1473 3547 1557 3605 non
1576 3520 1706 3631 duplo

549 3646 640 3758 plus
671 3644 920 3755 prastabunt,
955 3670 1079 3754 quam
1113 3641 1297 3754 splrericae
1340 3643 1481 3757 aequali
1528 3643 1708 3756 politurri

548 3769 742 3883 perfeda.
799 3774 895 3857 uec
938 3790 1073 3854 autem
1115 3799 1200 3857 non
1244 3771 1338 3857 ideo
1379 3769 1540 3883 loquor,
1594 3768 1706 3879 quali

550 3916 760 4013 peccatum
784 3895 859 3986 effe
882 3925 905 3982 a
930 3897 1190 4008 scriptoribus
1201 3901 1366 4010 Optiees
1391 3895 1676 3985 contenderem
1693 3929 1718 4003 ;„

549 4034 608 4125 illi
631 4032 742 4117 enim
771 4029 922 4132 omnia,
959 4054 1034 4137 pro
1060 4027 1287 4113 intentione
1319 4025 1709 4113 demonstrationum

548 4163 706 4251 uarum
731 4176 918 4247 accurate
945 4155 1175 4271 quidem&
1195 4151 1619 4356 verillrmedirrerunlt,
1641 4146 1716 4355 sepiin

1553 4296 1679 4383 arqur
1711 4306 1716 4333 -,
