4078 5250
540 353 639 496 176
874 339 970 443 Dr
1009 337 1388 444 Rnnrouuu
1489 341 1603 453 Par.
1640 353 1713 458 IL

534 587 672 655 tuatur
691 559 734 647 in
750 558 839 649 luce
853 558 960 672 solis,
985 580 1030 647 ut
1045 555 1144 643 radii
1161 555 1245 666 ejus
1267 584 1338 669 per
1357 562 1491 655 dibias
1508 569 1631 657 rimas
1653 568 1697 655 id

533 690 823 804 ingrediantur,
851 688 916 774 vel
946 686 1157 798 postquam
1182 682 1340 772 refracti
1368 690 1521 780 suerint
1543 726 1615 807 per
1631 724 1698 783 eas

536 819 803 931 egrediantur,
846 814 945 902 &in
962 813 1036 898 isto
1057 811 1131 897 srtu
1158 809 1316 921 figatur.
1370 820 1468 925 Quo
1486 819 1608 928 farto,
1635 822 1702 909 su·

536 970 669 1033 matur
688 942 764 1027 alia
783 965 955 1051 papyrus
984 938 1085 1042 PT,
1111 964 1199 1049 quae
1224 935 1274 1025 src
1297 961 1485 1030 teneatur
1509 943 1701 1056 apostieri

538 1092 651 1183 parte
671 1066 865 1179 prismatis
880 1063 934 1147 ad
951 1063 1177 1149 distantiam
1197 1065 1320 1151 trium
1346 1071 1574 1158 duorumve
1593 1070 1699 1183 digi-

540 1223 693 1305 torum,
722 1217 768 1282 ut
798 1195 839 1281 in
871 1221 960 1280 eam
994 1192 1064 1280 sua
1088 1193 1342 1303 terminetur,
1377 1203 1418 1285 dr
1440 1199 1597 1285 videbis
1634 1218 1699 1282 tot

543 1327 665 1411 lineas
678 1323 878 1429 colorum,
898 1341 1009 1434 quot
1026 1319 1115 1406 sunt
1133 1319 1320 1433 oblongae
1345 1326 1453 1410 rimae
1471 1325 1503 1435 s,
1527 1345 1701 1439 quarum

541 1451 738 1537 linearum
780 1448 926 1561 cuique
945 1468 1010 1533 tot
1044 1465 1281 1554 competunt
1309 1447 1480 1558 colores,
1507 1469 1611 1563 quot
1637 1446 1699 1533 so·

544 1575 631 1660 lent
658 1599 845 1686 apparere
890 1571 1044 1656 virtute
1082 1565 1330 1679 prisrnatum.
1386 1574 1550 1686 Nempe
1593 1601 1700 1684 quae·

544 1701 646 1786 libet
680 1703 779 1786 rima
795 1697 900 1782 subit
914 1692 1096 1782 officium
1115 1694 1237 1779 unius
1252 1724 1275 1780 e
1292 1695 1558 1807 prismatibus,
1581 1722 1703 1806 expe·

546 1828 722 1912 rimento
739 1822 862 1936 priori
880 1820 1083 1927 adhibitis,
1109 1822 1148 1908 81
1169 1824 1356 1932 proprios
1373 1827 1529 1913 colores
1546 1822 1704 1914 caerule-

543 1972 629 2048 um,
654 1953 839 2051 rubrum,
866 1945 1105 2058 ceterosque
1127 1969 1307 2054 generat,
1348 1949 1458 2061 quasr
1487 1970 1553 2036 tot
1581 1944 1703 2034 essent

543 2067 741 2177 prismara,
767 2088 873 2176 quot
901 2070 995 2155 sunt
1025 2073 1144 2156 rimae.
1200 2078 1344 2177 Porro,
1369 2076 1397 2158 sr
1411 2101 1584 2184 papyrus
1610 2073 1704 2157 PT

546 2191 706 2303 longius
735 2183 942 2275 differatur
973 2218 998 2276 a
1022 2192 1221 2302 prismae,
1247 2195 1444 2284 coloratas
1472 2195 1563 2281 istas
1580 2192 1706 2278 lineas

546 2315 752 2432 paululum
768 2314 926 2400 dilatari
946 2342 1097 2425 cernes,
1122 2322 1162 2406 dr
1186 2320 1391 2428 interyesia
1416 2318 1538 2430 spatia
1561 2313 1708 2416 minui,

548 2446 676 2529 donec
692 2439 978 2527 absorbeantur
994 2439 1414 2560 {coloribusotandem
1437 2439 1551 2527 fabiis
1576 2437 1709 2525 conti·

549 2569 654 2679 guis.
710 2566 779 2669 Et,
805 2560 1023 2674 fipapyrus
1048 2565 1178 2650 adhuc
1206 2563 1368 2676 longius
1393 2560 1614 2670 differatur,
1641 2589 1711 2649 co·

550 2693 706 2779 loresa
743 2687 905 2775 diversas
934 2689 1046 2774 rimis
1074 2683 1220 2796 efferri,
1257 2691 1370 2778 rubri
1408 2719 1501 2778 cum
1537 2689 1709 2781 caeruleis
1810 2710 1816 2715 ·

551 2819 698 2929 primo,
725 2816 871 2902 deinde
884 2812 953 2900 alii
976 2844 1069 2903 cum
1094 2813 1195 2923 aliis,
1221 2814 1417 2926 incipient
1434 2817 1524 2928 plus
1546 2818 1711 2927 plusque

551 2941 718 3048 misceri,
743 2946 784 3029 dr
809 2939 858 3027 src
890 2938 964 3026 sese
998 2940 1191 3051 paulatim
1224 2940 1394 3049 diluent,
1439 2943 1578 3047 donec,
1616 2965 1709 3026 cum

552 3067 716 3155 mistura
747 3066 840 3154 satis
868 3065 1045 3154 absoluta
1068 3068 1138 3175 est,
1179 3089 1471 3155 convertantur
1501 3069 1544 3154 in
1564 3066 1711 3155 albedi-

552 3220 662 3303 nem,
688 3215 952 3306 praeterquarn
968 3196 1012 3280 in
1030 3221 1173 3281 eorum
1202 3186 1524 3281 extremitatibus
1541 3198 1572 3275 P
1590 3223 1636 3278 ac
1656 3188 1711 3294 T,

553 3322 626 3404 ubi
658 3321 833 3405 mixtura
869 3327 910 3408 dr
935 3319 1115 3406 confusro
1141 3317 1224 3406 fere
1250 3320 1357 3405 nulla
1383 3320 1450 3403 est.
1503 3322 1558 3400 Et
1572 3314 1731 3428 ‘isthaec'

554 3446 754 3552 accidunt,
781 3474 874 3531 cum
892 3475 1064 3558 papyrus
1080 3451 1113 3531 P
1131 3450 1174 3535 T
1191 3446 1302 3562 quasr
1324 3448 1373 3531 ad
1396 3444 1621 3531 distantiam
1643 3443 1714 3527 de-

555 3600 644 3660 cern
667 3570 734 3658 vel
765 3573 987 3661 duodecem
1023 3575 1180 3665 vicibus
1214 3577 1404 3682 majorem
1425 3569 1507 3679 ipsi
1530 3563 1714 3658 nevel

511 3794 516 3805 ¹
558 3701 662 3803 BC,
704 3695 914 3787 latitudine
940 3700 1152 3812 planorum
1182 3701 1322 3813 prisma
1367 3694 1724 3800 constituentium,

558 3850 782 3915 amovetur.
835 3831 958 3939 Quod
979 3829 1254 3918 stamoveatur
1271 3827 1403 3913 adhuc
1422 3825 1599 3936 longius,
1623 3819 1719 3908 abfi·

554 3954 718 4039 milium
736 3952 940 4040 radiorum
959 3956 1183 4044 commistio
1206 3951 1423 4065 perfessior
1444 3945 1602 4037 fortasse
1628 3975 1719 4034 eva·

399 4128 402 4132 ·
529 4094 543 4109 “
562 4086 644 4189 det,
671 4079 734 4166 sed
749 4082 904 4172 colores
920 4089 1111 4195 purpurei
1126 4090 1166 4173 dr
1184 4084 1340 4178 cerulei
1358 4084 1408 4173 ad
1425 4085 1471 4191 P,
1498 4106 1543 4168 ac
1563 4074 1655 4162 flavi
1673 4101 1719 4158 ac

1611 4197 1724 4287 rubri
