4028 5252
363 388 1272 503 sect.11.,1taenne·r10nun
1460 424 1520 529 51

364 754 576 866 XXXV.
617 749 864 901 Rtsradiin
904 790 1044 911 aqna,
1074 775 1213 898 prom
1237 749 1323 903 ipsc
1350 752 1529 868 dimen-

401 923 478 1066 sus
500 919 625 1065 sum,
659 919 710 1029 in
733 912 964 1069 specimen
988 911 1088 1080 dns
1114 924 1184 1029 rei
1210 915 1479 1031 adducitur.

417 1171 707 1263 lustau-rrae
723 1166 868 1282 gratia,
890 1193 977 1280 quo
994 1192 1105 1280 aqua
1124 1166 1402 1261 refradlionem
1424 1200 1521 1288 cog·

361 1299 575 1406 noscerem,
611 1301 765 1401 curavi,
790 1318 839 1384 ut
871 1292 1015 1406 prisma
1039 1295 1218 1406 ligneum
1244 1300 1521 1409 conficeretur,

360 1425 482 1538 quale
498 1428 554 1512 est
573 1434 611 1511 A
631 1427 701 1508 Bc
719 1426 762 1510 in
779 1421 847 1535 fig.
873 1449 937 1530 19·
964 1423 1076 1530 cujus
1093 1422 1159 1510 ille
1175 1425 1346 1535 angulus
1361 1433 1400 1512 A
1417 1431 1455 1512 C
1471 1430 1521 1534 B,

361 1579 487 1664 quem
510 1576 587 1659 pro
617 1546 797 1636 verticali
823 1542 1088 1661 defignabam,
1112 1542 1219 1634 foret
1237 1548 1382 1658 tellus,
1407 1572 1521 1637 cate·

358 1680 474 1788 'rique
492 1681 577 1765 duo
602 1671 823 1780 semireffl3
849 1668 1033 1784 &effeci
1056 1697 1103 1764 ut
1126 1674 1385 1788 refringentia
1403 1677 1519 1790 plana

356 1810 398 1890 A
415 1808 490 1892 c&
507 1808 585 1887 Bc
613 1831 683 1916 per
713 1798 983 1889 meditullium
1015 1803 1291 1913 trajicerentur
1322 1799 1519 1889 foramine

355 1930 404 2039 F,
442 1931 630 2039 parallelo
659 1931 710 2019 ad
746 1928 876 2015 basem
911 1937 950 2016 A
974 1926 1012 2038 b,
1067 1956 1138 2042 per
1182 1928 1296 2044 quod
1337 1927 1517 2016 foramen

355 2058 426 2143 lux
441 2057 546 2145 itura
562 2056 681 2168 esset,
708 2062 811 2152 &ut
829 2056 996 2144 tertium
1014 2058 1180 2169 planum
1204 2055 1289 2145 Ab
1310 2054 1516 2144 foderetur

350 2183 392 2272 in
407 2190 461 2292 G,
489 2186 611 2301 usque
643 2189 744 2275 dum
774 2185 909 2273 'aditus
941 2185 992 2271 ad
1029 2185 1212 2272 foramen
1243 2182 1516 2271 Ftransverse

348 2314 608 2422 pertingeret.
664 2312 773 2395 Dein
803 2311 974 2418 sumptis
1002 2311 1157 2397 duabus
1184 2310 1360 2396 exvitro
1379 2307 1515 2395 lamel-

348 2432 412 2540 lis,
438 2463 541 2545 quas
558 2431 763 2535 speculum
787 2430 1041 2525 constablum
1058 2431 1161 2517 mihi
1187 2432 1517 2537 subministravit,

351 2581 479 2637 unam
496 2555 662 2659 desuper
689 2553 959 2638 meditullium
988 2556 1096 2661 plani
1120 2559 1402 2641 Bccaemento
1430 2557 1517 2664 fixi,

351 2672 578 2762 &alteram
595 2674 711 2778 super
738 2672 1008 2755 meditullium
1037 2675 1200 2759 alterius
1223 2675 1331 2785 plani
1349 2681 1388 2759 A
1407 2702 1442 2780 c,
1469 2702 1518 2765 ut

347 2818 508 2884 meatus
526 2800 561 2882 F
579 2794 771 2905 utrinque
793 2792 1060 2889 clauderetur.
1116 2796 1231 2883 Tum
1255 2820 1401 2911 aquam
1425 2797 1517 2910 plu·

346 2922 495 3013 uialem
530 2946 602 3033 per
633 2917 835 3005 orificium
869 2920 973 3006 Gin
985 2942 1223 3009 excavatum
1253 2922 1421 3035 spatium
1451 2927 1514 3013 in-

348 3047 451 3156 fudi,
486 3050 525 3136 8(
556 3071 653 3133 cum
683 3043 875 3156 operculo
912 3072 965 3131 en
1004 3044 1142 3133 subere
1180 3047 1341 3135 conciso
1379 3049 1511 3137 clausa

348 3184 490 3288 Atque
513 3175 613 3261 adeo
640 3200 757 3286 aqua,
785 3174 941 3260 duabus
965 3172 1107 3261 vitreis
1132 3174 1297 3262 lamellis
1318 3177 1368 3263 ad
1383 3204 1511 3290 angu-

346 3304 433 3391 lum
451 3299 610 3390 reblum
630 3301 832 3389 inclinatis
848 3299 1067 3411 interjebla,
1093 3303 1201 3388 vices
1221 3304 1378 3391 subibat
1391 3306 1510 3420 aquei

348 3431 543 3540 prismatis
581 3425 765 3513 habentis
801 3430 996 3542 angulum
1033 3427 1201 3516 rectum.
1256 3435 1334 3515 Eas
1372 3455 1509 3519 autem

347 3554 512 3642 laminas
536 3553 691 3641 cellum
725 3552 918 3664 anguium
940 3552 1080 3641 enable
1105 3555 1443 3667 comprehendere
1459 3587 1510 3645 ex
1599 3668 1604 3673 .

346 3683 610 3793 applicatione
643 3709 795 3767 normae
824 3684 1016 3794 cognovi,
1038 3686 1151 3792 cujus
1174 3685 1267 3771 ideo
1292 3687 1508 3771 dimidium

349 3814 463 3920 grad.
500 3836 551 3921 45
586 3840 661 3922 pro
706 3811 856 3922 angulo
885 3810 1135 3899 resraslionis
1171 3813 1402 3900 habendum
1438 3816 1507 3901 est.

348 3938 487 4043 (Lem.
514 3963 551 4019 r.
570 3937 605 4041 b.
622 3942 708 4047 29.)
737 3944 830 4026 Hoc
848 3938 991 4047 prisma
1019 3941 1110 4027 dein
1143 3940 1200 4024 ita
1215 3939 1432 4028 statuebam
1451 3939 1503 4023 ad

345 4055 565 4169 ingressum
591 4062 690 4148 lucis
715 4065 758 4150 in
787 4063 999 4151 obscurum
1025 4063 1271 4172 cubiculum,
1302 4086 1348 4146 ut
1366 4062 1504 4146 eadem

342 4186 448 4281 fetet
466 4189 657 4303 utrinque
676 4188 924 4280 rebellionis
934 4191 1150 4304 quantitas,
1167 4195 1207 4280 8<
1224 4217 1274 4274 ea
1292 4185 1505 4399 altitusdpre

863 4322 907 4406 H
935 4345 957 4401 a
1412 4313 1502 4423 ois,
