4078 5250
377 338 500 447 seer
530 332 572 439 1.
693 322 869 430 Lucre
907 318 1239 430 Conomnus.
1379 323 1536 478 [151]

375 558 456 645 alit
479 552 724 665 quicunque
757 541 907 658 (quatu
944 541 1154 654 potuerim
1193 543 1532 661 animadvertere)

373 682 490 776 cauli
507 677 657 766 mutari
673 669 819 787 potest,
836 669 900 756 sod
914 669 1084 756 unicum
1107 691 1265 763 tanturn
1284 669 1358 758 libi
1365 678 1531 787 propri.

374 807 659 896 unicolorem
705 796 1030 910 unumquodque
1067 796 1221 909 semper
1258 799 1466 888 construit
1490 806 1537 893 lc

373 933 550 1039 exhibet,
580 929 608 1013 st
626 929 753 1016 modo
770 922 1016 1009 aradiorum
1038 921 1183 1010 diverfi
1197 926 1353 1036 generis
1365 928 1528 1018 minuet

374 1089 458 1145 non
486 1055 766 1143 conturbetur.
823 1050 935 1134 Nam
968 1046 1140 1157 colores,
1186 1050 1257 1159 qui
1283 1049 1527 1138 reliuliiioni-

373 1182 653 1293 bus·generari
676 1178 881 1282 videntur,
908 1201 991 1259 non
1018 1172 1090 1259 nili
1113 1169 1364 1263 difformiutn
1395 1179 1523 1266 radio-

374 1334 465 1397 rum
485 1304 650 1395 misturd
669 1301 795 1409 varii,
822 1299 889 1387 vel
907 1297 1150 1409 separatione
1167 1299 1286 1391 fiunt.

428 1560 621 1646 Tenrro
643 1552 823 1657 invenio,
850 1550 964 1664 quod
983 1550 1095 1639 color
1119 1555 1232 1642 albus
1260 1559 1432 1671 &niger
1448 1585 1526 1643 una

372 1714 467 1774 cum
489 1683 657 1771 cinereis
692 1678 758 1765 seu
797 1676 914 1764 fuscis
933 1678 1178 1767 intermediis
1202 1683 1305 1769 liunt
1326 1715 1375 1772 ex
1405 1684 1524 1771 radiis

373 1808 563 1920 cujusque
581 1806 719 1920 speciei
751 1799 913 1890 confuse
947 1802 1102 1913 mistis;
1137 1807 1382 1916 &similiten
1410 1810 1523 1920 quod

373 1933 502 2023 ceteri
521 1960 661 2021 omnes
690 1929 860 2037 colores,
888 1929 1067 2037 quinon
1099 1932 1188 2021 sunt
1211 1962 1261 2020 ex
1290 1935 1524 2047 primitivis,

370 2090 441 2175 per
475 2062 604 2149 varias
630 2060 776 2148 horum
801 2054 1008 2143 radiorum
1028 2059 1210 2149 misturae
1230 2066 1524 2174 producuntur.

367 2195 423 2277 Et
441 2189 535 2276 inde
557 2218 642 2277 non
661 2189 813 2274 mirum
848 2181 918 2292 est,
957 2183 984 2268 sr
1017 2181 1269 2276 difformibus
1302 2193 1419 2276 radiis
1451 2215 1523 2296 per

364 2319 597 2428 inequalem
616 2317 894 2405 refraelionem
907 2312 1132 2425 segregatis,
1145 2316 1285 2403 diversi
1299 2322 1454 2404 colores
1470 2345 1521 2400 ex
1663 2377 1666 2381 ,

362 2443 426 2525 his
444 2447 495 2527 de
511 2471 623 2529 novo
642 2462 847 2550 emergere
866 2436 1090 2521 videantur.

419 2688 711 2791 Qutnnmu
732 2678 914 2782 invenio,
936 2681 1049 2786 quod
1067 2680 1264 2790 primitivi
1279 2682 1433 2766 colores
1451 2711 1521 2792 per

364 2810 572 2898 misturam
598 2803 804 2890 radiorum
837 2802 1131 2920 alterutrinque
1153 2804 1374 2893 confinium
1404 2810 1519 2895 exhi·
1586 2790 1601 2803 “

358 2935 447 3026 beri
466 2928 637 3047 poliunt.
692 2930 846 3020 Viridis
878 2954 1023 3042 nempe
1056 2961 1105 3018 ex
1133 2930 1238 3018 flavo
1274 2934 1517 3047 &currulem

359 3068 553 3152 flavusex
572 3062 775 3170 adjacente
794 3056 915 3146 viridi
938 3058 1152 3173 citrioque,
1179 3062 1218 3148 u
1253 3059 1303 3147 fic
1341 3064 1391 3149 de
1418 3064 1517 3151 aliis.

358 3194 437 3277 Per
454 3191 613 3276 colores
635 3208 772 3272 autern
787 3183 1019 3297 primitivos
1040 3213 1124 3271 non
1155 3211 1312 3276 tantum
1336 3191 1516 3302 quinque

357 3313 570 3432 praedidlos
597 3314 796 3422 intelligo,
837 3310 901 3397 sed
933 3311 1191 3423 &quossibet
1225 3317 1340 3422 alios,
1366 3319 1517 3430 quibus

356 3444 593 3533 exhibendis
627 3465 768 3555 aptum
792 3441 912 3528 datur
949 3440 1114 3551 aliquod
1149 3443 1348 3546 uniforme
1384 3448 1515 3534 radio·

357 3600 450 3662 rum
476 3602 615 3685 genus.

413 3827 619 3915 Invenio
656 3828 845 3942 denique,
887 3824 1004 3937 quod
1031 3851 1172 3911 omnes
1198 3824 1383 3913 omnium
1417 3856 1509 3916 cor·

218 4026 226 4033 .
359 3976 506 4063 porum
545 3951 700 4036 colores
746 3981 829 4039 non
857 3950 1019 4039 aliunde
1057 3970 1297 4062 generantur
1333 3982 1453 4065 quam
1484 3955 1536 4035 α’

358 4072 612 4194 dispositione
642 4077 832 4191 quddam,
876 4082 961 4191 qud
997 4099 1090 4192 apra
1122 4076 1210 4168 sunt
1236 4102 1285 4167 ut
1310 4080 1509 4280 aliosdra·

1031 4248 1037 4253 ·
1446 4223 1509 4288 ros
