4078 5250
560 377 658 499 188
868 376 962 477 Dr
1002 370 1387 475 Raoronnm
1520 375 1618 484 Par,
1658 382 1718 486 Η,

559 611 793 733 adientem,
820 592 965 680 deinde
989 592 1038 678 ad
1064 585 1253 692 majorem
1278 582 1508 674 distantiam
1534 554 1722 687 continu·

563 750 634 823 a‘to
655 748 772 817 motu
791 718 982 824 transfer3
1009 718 1048 802 8r
1072 707 1226 796 videbis
1242 704 1397 792 colores
1417 734 1666 824 purpureum
1690 731 1723 810 p

563 869 817 967 rubeumque
835 842 1086 949 Teontrahi,
1103 843 1142 927 8c
1157 833 1329 963 eousque
1345 837 1488 948 minui
1516 845 1615 931 dum
1632 877 1720 935 om,

559 1020 632 1081 nes
650 997 937 1075 convertantur
963 973 1006 1057 in
1022 966 1260 1069 albedinem,
1289 983 1387 1071 puta
1405 967 1456 1050 ad
1479 972 1521 1053 X
1543 992 1721 1082 quatuor

562 1116 628 1203 vel
646 1111 708 1196 sex
727 1104 846 1218 pedes
861 1121 930 1187 aut
948 1093 1110 1206 longius
1130 1088 1235 1176 sorte
1251 1088 1462 1177 distantem
1479 1124 1503 1179 a
1520 1094 1628 1183 lente
1647 1124 1722 1207 pro

565 1234 824 1328 convexitate
838 1223 998 1335 ejusvel
1014 1216 1223 1334 positione.
1277 1215 1448 1322 Deinde,
1477 1218 1723 1333 srpapyrum

564 1364 694 1452 adhuc
717 1357 878 1470 longius
897 1346 1119 1453 transieras,
1146 1343 1301 1432 colores
1329 1339 1479 1426 iterum
1503 1367 1725 1458 emergent,

564 1491 681 1580 sedin
690 1484 763 1573 situ
785 1481 1002 1586 contrario,
1027 1477 1155 1563 rubeo
1171 1471 1223 1557 ad
1236 1503 1262 1553 τ
1280 1463 1496 1578 conspesto
1518 1475 1725 1582 &purpm

569 1650 642 1706 reo
659 1620 708 1704 ad
719 1652 762 1725 n,
780 1640 910 1724 neque
919 1609 999 1696 ulia
1016 1608 1120 1694 inter
1137 1629 1207 1687 eos
1224 1599 1314 1687 adP
1325 1599 1488 1686 Τδιπτ
1508 1596 1727 1687 differentia

568 1741 794 1845 intercedit,
810 1728 1200 1849 praeterquamquod
1219 1723 1264 1808 stt
1281 1722 1523 1808 contrarius.
1570 1724 1727 1810 Scilicet

567 1895 596 1948 a
615 1866 728 1947 lente
746 1862 804 1950 M
821 1864 865 1944 N
890 1852 1161 1955 effeetumest,
1183 1870 1232 1936 ut
1247 1847 1505 1934 omnearadii
1523 1844 1728 1941 venientes

568 1985 621 2071 ab
655 1984 815 2092 aliquot
838 1981 1000 2090 punstis
1025 1972 1230 2065 foraminis
1258 1974 1289 2055 F
1319 1970 1361 2052 in
1387 1971 1558 2058 totidem
1580 1972 1728 2056 iterum

567 2103 728 2219 puniris
746 2124 1046 2210 congregentur
1072 2104 1122 2186 ad
1149 2124 1347 2208 papyrum
1362 2096 1430 2201 X;
1457 2102 1495 2185 dt
1520 2097 1569 2182 fic
1588 2112 1734 2180 omnes,

570 2228 751 2317 omnium
782 2221 1015 2333 specierum,
1043 2244 1136 2305 turn
1154 2244 1374 2330 purpuram
1399 2220 1448 2304 ad
1480 2222 1524 2325 P,
1553 2242 1642 2303 tum
1663 2242 1734 2300 ru·
1884 2289 1891 2298 .

573 2349 899 2454 bedinemadff,
924 2369 1013 2432 tum
1029 2344 1129 2430 aiios
1150 2344 1246 2428 aiibi
1273 2344 1428 2429 colores
1452 2340 1740 2435 efficientium,

573 2495 824 2586 convergunt
841 2471 893 2555 ad
919 2472 975 2577 X,
1001 2472 1039 2557 8(
1064 2470 1120 2554 ibi
1147 2462 1307 2554 confuse
1325 2467 1536 2554 miscentur
1553 2469 1602 2552 ad
1625 2466 1730 2554 aibe-

575 2606 718 2696 aman
731 2596 1013 2713 generandam,
1038 2597 1091 2681 de
1104 2593 1191 2705 qud
1206 2590 1383 2701 imagine
1402 2593 1496 2682 atat·
1516 2597 1554 2683 8(
1573 2590 1732 2680 orbicu-

577 2732 652 2822 lari
670 2722 886 2816 monebam
904 2719 1032 2828 supra.
1081 2718 1220 2804 Postea
1245 2743 1344 2801 vero
1359 2746 1450 2803 cum
1467 2718 1540 2804 sese
1565 2710 1733 2804 decussi-

578 2865 675 2945 vere
694 2855 737 2938 in
756 2852 811 2959 X,
840 2847 939 2933 radii
966 2846 1057 2929 PX
1081 2845 1252 2930 tendunt
1278 2844 1327 2927 ad
1353 2864 1398 2949 τ,
1442 2849 1481 2932 dr
1512 2845 1554 2929 T
1570 2845 1610 2927 X
1632 2843 1733 2952 adr,

579 2985 679 3071 adeo
705 3001 753 3064 ut
778 2977 935 3063 colores
957 2971 1222 3082 expingantur
1250 2970 1301 3054 ad
1325 2972 1416 3060 P&
1432 3009 1462 3057 π
1483 2998 1552 3082 per
1575 2968 1732 3057 eosdem

580 3103 714 3193 radios
731 3108 764 3187 P
782 3142 813 3191 π
831 3103 869 3191 8(
887 3098 1008 3187 iidem
1027 3099 1077 3182 ad
1102 3097 1141 3182 T
1158 3098 1196 3184 tr
1213 3121 1238 3171 τ
1253 3119 1323 3203 per
1338 3096 1495 3180 eosdem
1518 3097 1560 3181 T
1579 3135 1619 3202 τ,
1632 3099 1670 3184 8(
1685 3095 1733 3180 sic

580 3234 631 3317 de
651 3228 760 3315 aliis,
805 3226 931 3313 Unde,
961 3222 1089 3339 liquet
1125 3221 1288 3325 iterum,
1321 3222 1434 3329 quod
1466 3219 1733 3329 dispofirionas

582 3355 785 3439 radiorum
801 3346 1048 3434 diffimilium
1075 3350 1125 3431 ad
1149 3343 1325 3434 diversos
1343 3347 1494 3431 colores
1511 3347 1732 3451 producen-

523 3581 527 3587 .
583 3479 657 3568 dos
674 3500 756 3561 non
775 3470 1025 3559 destruantur
1043 3499 1111 3580 per
1125 3496 1268 3563 eorum
1283 3472 1525 3573 mixturam
1551 3469 1746 3578 quando?

584 3603 749 3722 quidem
775 3603 932 3693 eosdem
960 3599 1184 3713 expingunt
1218 3628 1311 3687 cum
1334 3601 1598 3714 segregantur,
1633 3621 1733 3710 quas

586 3756 686 3828 ante
699 3732 915 3821 mixturam
930 3729 1221 3843 depingebant..
1354 3800 1358 3809 .

640 3992 822 4092 Pontio,
850 3983 1026 4073 stadios
1043 3984 1214 4093 cujusvis
1241 3976 1736 4086 colorisintercipiaain·

589 4110 842 4233 monendo
869 4109 1039 4225 diquod
1061 4136 1221 4224 corpus,
1245 4134 1416 4222 opacum
1440 4129 1565 4217 prope
1588 4101 1737 4308 litant?

1725 4277 1753 4323 ᾗ
