4128 5240
560 402 631 525 72
882 370 978 479 De
1027 375 1386 483 Menstrua
1544 377 1717 480 Paul

480 616 495 651 ⁰
559 591 836 682 terminantur.
891 596 1000 682 Nam
1029 617 1104 704 pro
1123 589 1246 681 radiis
1265 589 1439 680 maxime
1457 589 1720 710 refrangibili·

557 718 1049 831 bunfTadXT,&c·
1261 728 1265 733 ’

614 997 652 1053 a.
680 971 811 1058 Hruc
846 967 874 1051 sr
898 968 1184 1079 proportiones
1213 963 1369 1053 sinuum
1392 965 1641 1056 rel'ratiionis
1666 996 1719 1053 cx

559 1120 650 1179 aere
675 1094 718 1180 in
748 1096 831 1179 duo
856 1094 1044 1205 qualibet
1072 1093 1201 1181 media
1220 1091 1420 1204 proposita
1443 1094 1605 1206 paribus
1623 1092 1721 1179 iuci-

559 1216 720 1327 dentiis,
735 1218 896 1325 dentur,
913 1221 1196 1329 proportiones
1216 1217 1371 1303 finuum
1394 1215 1646 1303 refradionis
1671 1246 1723 1302 ex

410 1364 414 1373 ’
558 1341 687 1425 altero
714 1342 944 1429 mediorum
972 1343 1014 1427 in
1039 1342 1212 1427 alterum
1238 1338 1348 1426 facile
1374 1339 1593 1444 dabuntur,
1620 1339 1724 1426 divi·

416 2280 420 2287 '
567 2283 587 2341 9

560 1467 695 1553 dendo
722 1492 865 1578 nempe
893 1463 996 1553 finus
1014 1467 1244 1578 posterioris
1269 1466 1391 1552 medii
1412 1494 1482 1577 per
1497 1463 1725 1575 correspon-

562 1594 702 1680 dentes
728 1593 832 1679 smus
858 1596 1083 1682 anterioris.
1148 1597 1213 1682 Sic
1249 1620 1344 1679 cum
1379 1593 1564 1684 reiraffio
1597 1593 1644 1679 fit
1672 1620 1723 1676 ex

561 1730 651 1787 aere
682 1705 725 1786 in
760 1704 925 1808 vitrum,
964 1701 1063 1788 diui
1111 1700 1214 1786 finus
1233 1700 1324 1786 sunt
1344 1725 1389 1789 ut
1414 1704 1483 1810 68,
1510 1703 1603 1809 683,
1640 1715 1722 1807 ⁶93

558 1830 706 1913 &cum
725 1824 773 1909 fit
812 1851 862 1910 ex
888 1853 978 1912 aere
995 1827 1039 1911 in
1072 1851 1234 1937 aquam,
1260 1824 1351 1913 suut
1369 1850 1415 1913 ut
1440 1855 1507 1938 90,
1534 1854 1628 1941 903,
1655 1858 1724 1941 91.

560 1999 671 2106 Ergo
699 2019 795 2078 cum
824 1992 872 2076 fit
898 1996 1062 2107 exaqual
1089 1994 1133 2078 in
1161 1993 1315 2078 vitrum
1341 2020 1461 2083 erunt
1483 2024 1532 2086 ut
1556 1953 1616 2141 ἕξ,
1644 1956 1724 2153 gi,

1690 2118 1706 2155 Ι

568 2155 626 2322 93⁹,
654 2191 805 2279 horest
823 2211 870 2276 ut
888 2194 983 2302 281,
1014 2194 1137 2301 allai,
1165 2191 1241 2275 282
1262 2188 1355 2278 fere·

617 2557 656 2637 3.
683 2532 737 2615 Sr
768 2530 937 2616 tertium
953 2526 1121 2643 aliquod
1141 2527 1319 2615 medium
1334 2553 1424 2614 aere
1445 2527 1598 2616 densius
1616 2530 1724 2643 post·

559 2677 736 2766 ponatur
763 2657 899 2743 medio
914 2681 941 2738 ι
955 2655 980 2738 b
993 2682 1021 2738 n
1038 2682 1093 2766 m,
1119 2657 1357 2765 contingens
1381 2655 1480 2744 illud
1499 2660 1542 2744 in
1558 2659 1724 2770 superfi-

562 2784 626 2869 cie
651 2808 746 2893 mn,
759 2809 852 2895 quae
876 2781 1130 2894 concipiatur
1150 2781 1266 2892 plana
1290 2780 1456 2896 ipsasque
1477 2789 1567 2871 AB
1586 2790 1627 2877 8(
1658 2790 1726 2872 ab

562 2905 759 3016 parallela,
787 2912 828 2995 dr
861 2909 889 2994 fi
916 2908 1016 2994 radii
1046 2909 1302 3014 divergentes
1334 2934 1357 2988 a
1382 2906 1589 3013 punctos
1603 2909 1723 3014 (ficut

560 3030 687 3115 modo
711 3028 909 3116 ostensum
930 3033 1037 3135 erat)
1064 3030 1107 3113 in
1122 3028 1221 3113 illud
1241 3026 1419 3113 incidant
1437 3029 1487 3112 ad
1502 3028 1653 3139 pundla
1673 3039 1723 3146 L,

559 3152 616 3239 M
631 3157 748 3264 &N3
770 3154 981 3268 postquam
1009 3152 1052 3238 in
1077 3148 1217 3238 iisdem
1251 3148 1541 3264 refringantur,
1584 3161 1720 3248 diver.

559 3302 659 3391 gent
677 3279 809 3368 rursus
823 3283 874 3367 ab
891 3280 972 3367 alio
987 3277 1169 3391 quodam
1186 3275 1337 3409 pundlp
1352 3303 1384 3357 x
1398 3282 1509 3392 quod
1526 3279 1646 3368 satum
1662 3287 1719 3371 est

558 3406 602 3490 in
619 3406 902 3515 perpendiculo
919 3408 962 3493 X
978 3409 1031 3491 G.
1047 3432 1062 3475 ·.
1070 3408 1125 3491 Et
1150 3400 1202 3489 sne
1232 3426 1419 3512 praterea
1436 3404 1480 3490 in
1500 3403 1720 3520 infinitum,

558 3550 821 3642 quotcunque
844 3533 939 3619 licet
966 3530 1096 3620 media
1113 3528 1306 3640 parallelis
1328 3529 1457 3641 planis
1474 3531 1524 3619 ab
1543 3531 1719 3622 invicem

558 3648 739 3757 discreta,
765 3657 839 3745 sese
856 3659 999 3747 ordine
1021 3657 1248 3771 sequantur.
1301 3660 1425 3769 Quod
1448 3655 1558 3745 liaer
1576 3661 1720 3747 imme.

557 3776 665 3863 diate
689 3777 869 3868 succedat
898 3786 1035 3873 medio
1060 3812 1088 3867 a
1105 3780 1130 3865 b
1147 3809 1174 3868 n
1190 3809 1245 3892 m,
1270 3783 1467 3896 poncium
1493 3786 1596 3875 istud
1624 3815 1671 3894 x,
1696 3817 1721 3874 a

556 3930 644 4020 quo
668 3928 921 4021 emergentes
952 3913 1052 3998 radii
1081 3913 1266 4022 tendunt,
1294 3914 1412 4001 litum
1447 3917 1524 4003 erit
1550 3917 1599 4003 ad
1616 3921 1658 4001 ‘v'
1677 3917 1721 4001 in

556 4032 639 4159 ipsi
673 4029 916 4146 refringente
945 4034 1166 4150 superficie,
1209 4064 1417 4155 propterea
1447 4046 1562 4158 quod
1590 4069 1719 4130 emer·

1619 4182 1717 4275 gent
