<?xml version="1.0" encoding="UTF-8"?>
<!DOCTYPE html PUBLIC "-//W3C//DTD XHTML 1.0 Transitional//EN"
    "http://www.w3.org/TR/xhtml1/DTD/xhtml1-transitional.dtd">
<html xmlns="http://www.w3.org/1999/xhtml" xml:lang="en" lang="en">
 <head>
  <title>
</title>
<meta http-equiv="Content-Type" content="text/html;charset=utf-8" />
  <meta name='ocr-system' content='tesseract 3.04.00' />
  <meta name='ocr-capabilities' content='ocr_page ocr_carea ocr_par ocr_line ocrx_word'/>
</head>
<body>
  <div class='ocr_page' id='page_1' title='image "./isaacinewtonieq01newtgoog_0377.png"; bbox 0 0 4058 5258; ppageno 0'>
   <div class='ocr_carea' id='block_1_1' title="bbox 588 296 1749 499">
    <p class='ocr_par' dir='ltr' id='par_1_1' title="bbox 588 296 1749 499">
     <span class='ocr_line' id='line_1_1' title="bbox 588 296 1749 499; baseline -0.013 -46"><span class='ocrx_word' id='word_1_1' title='bbox 588 296 752 499; x_wconf 16' lang='lat'><em>274,</em></span> <span class='ocrx_word' id='word_1_2' title='bbox 971 345 1372 452; x_wconf 69' lang='lat' dir='ltr'>Divinus</span> <span class='ocrx_word' id='word_1_3' title='bbox 1549 345 1749 451; x_wconf 68' lang='lat' dir='ltr'>Panll.</span> 
     </span>
    </p>
   </div>
   <div class='ocr_carea' id='block_1_2' title="bbox 404 558 1843 4312">
    <p class='ocr_par' dir='ltr' id='par_1_2' title="bbox 585 558 1744 675">
     <span class='ocr_line' id='line_1_2' title="bbox 585 558 1744 675; baseline -0.006 -17"><span class='ocrx_word' id='word_1_4' title='bbox 585 566 789 659; x_wconf 74' lang='lat' dir='ltr'>transituri</span> <span class='ocrx_word' id='word_1_5' title='bbox 805 563 856 650; x_wconf 76' lang='lat' dir='ltr'>ab</span> <span class='ocrx_word' id='word_1_6' title='bbox 884 563 1185 675; x_wconf 87' lang='lat' dir='ltr'>interpolitione</span> <span class='ocrx_word' id='word_1_7' title='bbox 1210 558 1329 673; x_wconf 80' lang='lat' dir='ltr'>digiti</span> <span class='ocrx_word' id='word_1_8' title='bbox 1360 558 1425 647; x_wconf 80' lang='lat' dir='ltr'>vel</span> <span class='ocrx_word' id='word_1_9' title='bbox 1447 561 1744 667; x_wconf 80' lang='lat' dir='ltr'>cuiussibetob·</span> 
     </span>
    </p>

    <p class='ocr_par' dir='ltr' id='par_1_3' title="bbox 585 687 1745 804">
     <span class='ocr_line' id='line_1_3' title="bbox 585 687 1745 804; baseline -0.019 -22"><span class='ocrx_word' id='word_1_10' title='bbox 585 696 724 786; x_wconf 80' lang='lat' dir='ltr'>stuculi</span> <span class='ocrx_word' id='word_1_11' title='bbox 746 718 871 803; x_wconf 84' lang='lat' dir='ltr'>prope</span> <span class='ocrx_word' id='word_1_12' title='bbox 897 691 1062 780; x_wconf 88' lang='lat' dir='ltr'>oculum</span> <span class='ocrx_word' id='word_1_13' title='bbox 1085 687 1404 804; x_wconf 78' lang='lat' dir='ltr'>intercipiantur,</span> <span class='ocrx_word' id='word_1_14' title='bbox 1432 688 1533 771; x_wconf 91' lang='lat' dir='ltr'>dum</span> <span class='ocrx_word' id='word_1_15' title='bbox 1561 691 1662 779; x_wconf 82' lang='lat' dir='ltr'>radii</span> <span class='ocrx_word' id='word_1_16' title='bbox 1684 691 1745 775; x_wconf 85' lang='lat' dir='ltr'>in.</span> 
     </span>
    </p>

    <p class='ocr_par' dir='ltr' id='par_1_4' title="bbox 587 808 1748 935">
     <span class='ocr_line' id='line_1_4' title="bbox 587 808 1748 935; baseline -0.008 -28"><span class='ocrx_word' id='word_1_17' title='bbox 587 818 752 935; x_wconf 78' lang='lat' dir='ltr'>grelluri</span> <span class='ocrx_word' id='word_1_18' title='bbox 769 818 936 907; x_wconf 76' lang='lat' dir='ltr'>alterum</span> <span class='ocrx_word' id='word_1_19' title='bbox 951 836 1104 927; x_wconf 86' lang='lat' dir='ltr'>pnrtem</span> <span class='ocrx_word' id='word_1_20' title='bbox 1124 810 1249 899; x_wconf 88' lang='lat' dir='ltr'>libere</span> <span class='ocrx_word' id='word_1_21' title='bbox 1265 808 1428 897; x_wconf 86' lang='lat' dir='ltr'>tranlire</span> <span class='ocrx_word' id='word_1_22' title='bbox 1443 812 1748 919; x_wconf 73' lang='lat' dir='ltr'>permittantur.</span> 
     </span>
    </p>

    <p class='ocr_par' dir='ltr' id='par_1_5' title="bbox 587 937 1747 1051">
     <span class='ocr_line' id='line_1_5' title="bbox 587 937 1747 1051; baseline -0.002 -18"><span class='ocrx_word' id='word_1_23' title='bbox 587 944 760 1051; x_wconf 76' lang='lat' dir='ltr'>Huiusce</span> <span class='ocrx_word' id='word_1_24' title='bbox 776 971 874 1030; x_wconf 84' lang='lat' dir='ltr'>vero</span> <span class='ocrx_word' id='word_1_25' title='bbox 906 943 963 1028; x_wconf 84' lang='lat' dir='ltr'>rei</span> <span class='ocrx_word' id='word_1_26' title='bbox 990 942 1094 1029; x_wconf 80' lang='lat' dir='ltr'>duos</span> <span class='ocrx_word' id='word_1_27' title='bbox 1112 938 1220 1025; x_wconf 80' lang='lat' dir='ltr'>casus</span> <span class='ocrx_word' id='word_1_28' title='bbox 1243 965 1328 1023; x_wconf 89' lang='lat' dir='ltr'>non</span> <span class='ocrx_word' id='word_1_29' title='bbox 1354 937 1508 1048; x_wconf 78' lang='lat' dir='ltr'>pigebit</span> <span class='ocrx_word' id='word_1_30' title='bbox 1524 937 1747 1049; x_wconf 80' lang='lat' dir='ltr'>explicare3</span> 
     </span>
    </p>

    <p class='ocr_par' dir='ltr' id='par_1_6' title="bbox 587 1064 1749 1177">
     <span class='ocr_line' id='line_1_6' title="bbox 587 1064 1749 1177; baseline 0.001 -22"><span class='ocrx_word' id='word_1_31' title='bbox 587 1072 772 1177; x_wconf 78' lang='lat' dir='ltr'>alterum,</span> <span class='ocrx_word' id='word_1_32' title='bbox 804 1096 897 1156; x_wconf 89' lang='lat' dir='ltr'>cum</span> <span class='ocrx_word' id='word_1_33' title='bbox 927 1068 1059 1153; x_wconf 82' lang='lat' dir='ltr'>radios</span> <span class='ocrx_word' id='word_1_34' title='bbox 1076 1064 1353 1176; x_wconf 81' lang='lat' dir='ltr'>intercipimus</span> <span class='ocrx_word' id='word_1_35' title='bbox 1386 1064 1437 1148; x_wconf 83' lang='lat' dir='ltr'>ad</span> <span class='ocrx_word' id='word_1_36' title='bbox 1461 1086 1591 1175; x_wconf 86' lang='lat' dir='ltr'>partes</span> <span class='ocrx_word' id='word_1_37' title='bbox 1614 1067 1749 1155; x_wconf 82' lang='lat' dir='ltr'>versus</span> 
     </span>
    </p>

    <p class='ocr_par' dir='ltr' id='par_1_7' title="bbox 588 1194 1747 1311">
     <span class='ocr_line' id='line_1_7' title="bbox 588 1194 1747 1311; baseline -0.003 -25"><span class='ocrx_word' id='word_1_38' title='bbox 588 1198 796 1308; x_wconf 69' lang='lat' dir='ltr'>objedlum</span> <span class='ocrx_word' id='word_1_39' title='bbox 821 1196 1145 1311; x_wconf 82' lang='lat' dir='ltr'>lucidius,pos1t0</span> <span class='ocrx_word' id='word_1_40' title='bbox 1165 1223 1308 1305; x_wconf 87' lang='lat' dir='ltr'>nempe</span> <span class='ocrx_word' id='word_1_41' title='bbox 1328 1194 1441 1305; x_wconf 92' lang='lat' dir='ltr'>quod</span> <span class='ocrx_word' id='word_1_42' title='bbox 1467 1194 1621 1301; x_wconf 68' lang='lat' dir='ltr'>objedla</span> <span class='ocrx_word' id='word_1_43' title='bbox 1648 1202 1747 1288; x_wconf 75' lang='lat' dir='ltr'>duo,</span> 
     </span>
    </p>

    <p class='ocr_par' dir='ltr' id='par_1_8' title="bbox 587 1320 1749 1437">
     <span class='ocr_line' id='line_1_8' title="bbox 587 1320 1749 1437; baseline 0.001 -28"><span class='ocrx_word' id='word_1_44' title='bbox 587 1325 727 1412; x_wconf 72' lang='lat' dir='ltr'>elbum</span> <span class='ocrx_word' id='word_1_45' title='bbox 740 1329 780 1416; x_wconf 76' lang='lat' dir='ltr'>dt</span> <span class='ocrx_word' id='word_1_46' title='bbox 791 1325 968 1437; x_wconf 83' lang='lat' dir='ltr'>nigrum,</span> <span class='ocrx_word' id='word_1_47' title='bbox 983 1327 1096 1434; x_wconf 70' lang='lat' dir='ltr'>juxti</span> <span class='ocrx_word' id='word_1_48' title='bbox 1113 1320 1238 1435; x_wconf 79' lang='lat' dir='ltr'>polite</span> <span class='ocrx_word' id='word_1_49' title='bbox 1251 1324 1492 1428; x_wconf 70' lang='lat' dir='ltr'>intueamur,</span> <span class='ocrx_word' id='word_1_50' title='bbox 1507 1327 1544 1413; x_wconf 69' lang='lat'>8(</span> <span class='ocrx_word' id='word_1_51' title='bbox 1557 1322 1749 1432; x_wconf 73' lang='lat' dir='ltr'>alterum,</span> 
     </span>
    </p>

    <p class='ocr_par' dir='ltr' id='par_1_9' title="bbox 588 1450 1745 1564">
     <span class='ocr_line' id='line_1_9' title="bbox 588 1450 1745 1564; baseline -0.007 -23"><span class='ocrx_word' id='word_1_52' title='bbox 588 1480 684 1541; x_wconf 86' lang='lat' dir='ltr'>eum</span> <span class='ocrx_word' id='word_1_53' title='bbox 717 1455 847 1543; x_wconf 80' lang='lat' dir='ltr'>radios</span> <span class='ocrx_word' id='word_1_54' title='bbox 878 1453 1156 1564; x_wconf 77' lang='lat' dir='ltr'>intercipimus</span> <span class='ocrx_word' id='word_1_55' title='bbox 1176 1453 1229 1541; x_wconf 78' lang='lat' dir='ltr'>td</span> <span class='ocrx_word' id='word_1_56' title='bbox 1253 1470 1385 1561; x_wconf 67' lang='lat' dir='ltr'>partes</span> <span class='ocrx_word' id='word_1_57' title='bbox 1416 1450 1548 1537; x_wconf 80' lang='lat' dir='ltr'>versus</span> <span class='ocrx_word' id='word_1_58' title='bbox 1572 1450 1745 1561; x_wconf 78' lang='lat' dir='ltr'>nigrius.</span> 
     </span>
    </p>

    <p class='ocr_par' dir='ltr' id='par_1_10' title="bbox 590 1576 1747 1694">
     <span class='ocr_line' id='line_1_10' title="bbox 590 1576 1747 1694; baseline 0.001 -26"><span class='ocrx_word' id='word_1_59' title='bbox 590 1583 651 1668; x_wconf 83' lang='lat' dir='ltr'>Sit</span> <span class='ocrx_word' id='word_1_60' title='bbox 676 1582 769 1694; x_wconf 77' lang='lat' dir='ltr'>(fig.</span> <span class='ocrx_word' id='word_1_61' title='bbox 796 1580 866 1690; x_wconf 81' lang='lat'>57)</span> <span class='ocrx_word' id='word_1_62' title='bbox 912 1576 1612 1694; x_wconf 71' lang='lat' dir='ltr'>ergoLBobiestumluridum&amp;</span> <span class='ocrx_word' id='word_1_63' title='bbox 1652 1578 1747 1669; x_wconf 87' lang='lat' dir='ltr'>BD</span> 
     </span>
    </p>

    <p class='ocr_par' dir='ltr' id='par_1_11' title="bbox 589 1701 1748 1823">
     <span class='ocr_line' id='line_1_11' title="bbox 589 1701 1748 1823; baseline 0 -31"><span class='ocrx_word' id='word_1_64' title='bbox 589 1707 819 1818; x_wconf 78' lang='lat' dir='ltr'>obscurum,</span> <span class='ocrx_word' id='word_1_65' title='bbox 836 1736 1014 1823; x_wconf 83' lang='lat' dir='ltr'>quorum</span> <span class='ocrx_word' id='word_1_66' title='bbox 1030 1708 1227 1795; x_wconf 77' lang='lat' dir='ltr'>terminus</span> <span class='ocrx_word' id='word_1_67' title='bbox 1243 1701 1528 1795; x_wconf 79' lang='lat' dir='ltr'>communissrt</span> <span class='ocrx_word' id='word_1_68' title='bbox 1546 1708 1593 1810; x_wconf 82' lang='lat' dir='ltr'>B,</span> <span class='ocrx_word' id='word_1_69' title='bbox 1618 1709 1644 1793; x_wconf 79' lang='lat' dir='ltr'>&#39;t</span> <span class='ocrx_word' id='word_1_70' title='bbox 1660 1730 1748 1815; x_wconf 81' lang='lat' dir='ltr'>quo</span> 
     </span>
    </p>

    <p class='ocr_par' dir='ltr' id='par_1_12' title="bbox 589 1828 1759 1943">
     <span class='ocr_line' id='line_1_12' title="bbox 589 1828 1759 1943; baseline 0 -27"><span class='ocrx_word' id='word_1_71' title='bbox 589 1832 690 1917; x_wconf 77' lang='lat' dir='ltr'>tedii</span> <span class='ocrx_word' id='word_1_72' title='bbox 704 1832 747 1919; x_wconf 89' lang='lat' dir='ltr'>in</span> <span class='ocrx_word' id='word_1_73' title='bbox 766 1833 978 1923; x_wconf 84' lang='lat' dir='ltr'>oculumd</span> <span class='ocrx_word' id='word_1_74' title='bbox 988 1834 1011 1917; x_wconf 88' lang='lat' dir='ltr'>l</span> <span class='ocrx_word' id='word_1_75' title='bbox 1021 1835 1133 1942; x_wconf 77' lang='lat' dir='ltr'>juxta</span> <span class='ocrx_word' id='word_1_76' title='bbox 1147 1833 1350 1943; x_wconf 79' lang='lat' dir='ltr'>opposuas</span> <span class='ocrx_word' id='word_1_77' title='bbox 1366 1853 1494 1943; x_wconf 72' lang='lat' dir='ltr'>partes</span> <span class='ocrx_word' id='word_1_78' title='bbox 1510 1828 1663 1941; x_wconf 68' lang='lat' dir='ltr'>pupille</span> <span class='ocrx_word' id='word_1_79' title='bbox 1678 1832 1709 1916; x_wconf 86' lang='lat' dir='ltr'>F</span> <span class='ocrx_word' id='word_1_80' title='bbox 1719 1828 1759 1934; x_wconf 76' lang='lat' dir='ltr'><strong><em>f</em></strong></span> 
     </span>
    </p>

    <p class='ocr_par' dir='ltr' id='par_1_13' title="bbox 589 1955 1748 2063">
     <span class='ocr_line' id='line_1_13' title="bbox 589 1955 1748 2063; baseline 0.006 -27"><span class='ocrx_word' id='word_1_81' title='bbox 589 1981 879 2059; x_wconf 74' lang='lat' dir='ltr'>promanantes</span> <span class='ocrx_word' id='word_1_82' title='bbox 900 1956 974 2042; x_wconf 88' lang='lat' dir='ltr'>stnt</span> <span class='ocrx_word' id='word_1_83' title='bbox 1000 1961 1034 2041; x_wconf 84' lang='lat' dir='ltr'>B</span> <span class='ocrx_word' id='word_1_84' title='bbox 1052 1963 1084 2044; x_wconf 84' lang='lat' dir='ltr'>F</span> <span class='ocrx_word' id='word_1_85' title='bbox 1102 1964 1140 2046; x_wconf 77' lang='lat' dir='ltr'>dr</span> <span class='ocrx_word' id='word_1_86' title='bbox 1159 1962 1193 2045; x_wconf 91' lang='lat' dir='ltr'>B</span> <span class='ocrx_word' id='word_1_87' title='bbox 1199 1961 1245 2063; x_wconf 88' lang='lat' dir='ltr'>f,</span> <span class='ocrx_word' id='word_1_88' title='bbox 1273 1958 1373 2045; x_wconf 74' lang='lat' dir='ltr'>radii</span> <span class='ocrx_word' id='word_1_89' title='bbox 1383 1981 1517 2045; x_wconf 72' lang='lat' dir='ltr'>eructu</span> <span class='ocrx_word' id='word_1_90' title='bbox 1534 1955 1748 2045; x_wconf 80' lang='lat' dir='ltr'>seeundum</span> 
     </span>
    </p>

    <p class='ocr_par' dir='ltr' id='par_1_14' title="bbox 586 2076 1750 2192">
     <span class='ocr_line' id='line_1_14' title="bbox 586 2076 1750 2192; baseline 0.009 -33"><span class='ocrx_word' id='word_1_91' title='bbox 586 2076 732 2161; x_wconf 69' lang='lat' dir='ltr'>tim</span> <span class='ocrx_word' id='word_1_92' title='bbox 752 2083 789 2160; x_wconf 86' lang='lat' dir='ltr'><strong>B</strong></span> <span class='ocrx_word' id='word_1_93' title='bbox 804 2085 836 2163; x_wconf 84' lang='lat' dir='ltr'>F</span> <span class='ocrx_word' id='word_1_94' title='bbox 854 2081 897 2163; x_wconf 89' lang='lat' dir='ltr'>in</span> <span class='ocrx_word' id='word_1_95' title='bbox 917 2082 1083 2167; x_wconf 78' lang='lat' dir='ltr'>ortuum</span> <span class='ocrx_word' id='word_1_96' title='bbox 1103 2107 1316 2192; x_wconf 74' lang='lat' dir='ltr'>pergentes</span> <span class='ocrx_word' id='word_1_97' title='bbox 1337 2111 1410 2190; x_wconf 91' lang='lat' dir='ltr'>pro</span> <span class='ocrx_word' id='word_1_98' title='bbox 1442 2084 1569 2185; x_wconf 73' lang='lat' dir='ltr'>gradu</span> <span class='ocrx_word' id='word_1_99' title='bbox 1603 2078 1750 2169; x_wconf 81' lang='lat' dir='ltr'>refran-</span> 
     </span>
    </p>

    <p class='ocr_par' dir='ltr' id='par_1_15' title="bbox 517 2196 1753 2308">
     <span class='ocr_line' id='line_1_15' title="bbox 517 2196 1753 2308; baseline 0.002 -25"><span class='ocrx_word' id='word_1_100' title='bbox 517 2210 521 2217; x_wconf 83' lang='lat'>&#39;</span> <span class='ocrx_word' id='word_1_101' title='bbox 586 2197 799 2308; x_wconf 69' lang='lat' dir='ltr'>gibilinus</span> <span class='ocrx_word' id='word_1_102' title='bbox 821 2196 1092 2307; x_wconf 68' lang='lat' dir='ltr'>refringantur</span> <span class='ocrx_word' id='word_1_103' title='bbox 1118 2202 1251 2281; x_wconf 72' lang='lat' dir='ltr'>verite</span> <span class='ocrx_word' id='word_1_104' title='bbox 1271 2206 1329 2304; x_wconf 85' lang='lat' dir='ltr'>H,</span> <span class='ocrx_word' id='word_1_105' title='bbox 1345 2227 1372 2279; x_wconf 78' lang='lat' dir='ltr'>r</span> <span class='ocrx_word' id='word_1_106' title='bbox 1386 2206 1493 2289; x_wconf 69' lang='lat' dir='ltr'>&amp;K</span> <span class='ocrx_word' id='word_1_107' title='bbox 1547 2208 1583 2289; x_wconf 84' lang='lat' dir='ltr'>E</span> <span class='ocrx_word' id='word_1_108' title='bbox 1603 2228 1753 2303; x_wconf 80' lang='lat' dir='ltr'>contra</span> 
     </span>
    </p>

    <p class='ocr_par' dir='ltr' id='par_1_16' title="bbox 589 2320 1760 2437">
     <span class='ocr_line' id='line_1_16' title="bbox 589 2320 1760 2437; baseline 0.007 -28"><span class='ocrx_word' id='word_1_109' title='bbox 589 2350 703 2431; x_wconf 80' lang='lat' dir='ltr'>tero,</span> <span class='ocrx_word' id='word_1_110' title='bbox 730 2325 804 2437; x_wconf 89' lang='lat' dir='ltr'>qui</span> <span class='ocrx_word' id='word_1_111' title='bbox 818 2344 991 2434; x_wconf 81' lang='lat' dir='ltr'>pergunt</span> <span class='ocrx_word' id='word_1_112' title='bbox 1014 2323 1059 2413; x_wconf 86' lang='lat' dir='ltr'>in</span> <span class='ocrx_word' id='word_1_113' title='bbox 1075 2322 1183 2411; x_wconf 68' lang='lat' dir='ltr'>linei</span> <span class='ocrx_word' id='word_1_114' title='bbox 1207 2324 1242 2407; x_wconf 86' lang='lat' dir='ltr'>B</span> <span class='ocrx_word' id='word_1_115' title='bbox 1260 2323 1304 2429; x_wconf 84' lang='lat' dir='ltr'>f,</span> <span class='ocrx_word' id='word_1_116' title='bbox 1331 2320 1595 2430; x_wconf 78' lang='lat' dir='ltr'>restingentur</span> <span class='ocrx_word' id='word_1_117' title='bbox 1615 2322 1760 2419; x_wconf 84' lang='lat' dir='ltr'>versus</span> 
     </span>
    </p>

    <p class='ocr_par' dir='ltr' id='par_1_17' title="bbox 592 2451 1754 2566">
     <span class='ocr_line' id='line_1_17' title="bbox 592 2451 1754 2566; baseline -0.002 -22"><span class='ocrx_word' id='word_1_118' title='bbox 592 2463 645 2564; x_wconf 75' lang='lat' dir='ltr'>tt,</span> <span class='ocrx_word' id='word_1_119' title='bbox 672 2460 751 2543; x_wconf 75' lang='lat' dir='ltr'>r&amp;</span> <span class='ocrx_word' id='word_1_120' title='bbox 774 2458 1060 2565; x_wconf 54' lang='lat' dir='ltr'>mutumne</span> <span class='ocrx_word' id='word_1_121' title='bbox 1075 2452 1278 2564; x_wconf 72' lang='lat' dir='ltr'>gradatim</span> <span class='ocrx_word' id='word_1_122' title='bbox 1292 2452 1527 2543; x_wconf 78' lang='lat' dir='ltr'>intermedia</span> <span class='ocrx_word' id='word_1_123' title='bbox 1544 2451 1644 2562; x_wconf 79' lang='lat' dir='ltr'>locu,</span> <span class='ocrx_word' id='word_1_124' title='bbox 1659 2485 1754 2566; x_wconf 89' lang='lat' dir='ltr'>pro-</span> 
     </span>
    </p>

    <p class='ocr_par' dir='ltr' id='par_1_18' title="bbox 593 2579 1754 2701">
     <span class='ocr_line' id='line_1_18' title="bbox 593 2579 1754 2701; baseline 0.001 -33"><span class='ocrx_word' id='word_1_125' title='bbox 593 2605 640 2668; x_wconf 86' lang='lat' dir='ltr'>ut</span> <span class='ocrx_word' id='word_1_126' title='bbox 658 2583 837 2669; x_wconf 81' lang='lat' dir='ltr'>delente</span> <span class='ocrx_word' id='word_1_127' title='bbox 865 2583 996 2701; x_wconf 83' lang='lat' dir='ltr'>morlo</span> <span class='ocrx_word' id='word_1_128' title='bbox 1027 2579 1216 2687; x_wconf 79' lang='lat' dir='ltr'>explicui.</span> <span class='ocrx_word' id='word_1_129' title='bbox 1270 2584 1472 2667; x_wconf 83' lang='lat' dir='ltr'>Ponamus</span> <span class='ocrx_word' id='word_1_130' title='bbox 1503 2582 1596 2689; x_wconf 82' lang='lat' dir='ltr'>jam,</span> <span class='ocrx_word' id='word_1_131' title='bbox 1638 2588 1754 2694; x_wconf 87' lang='lat' dir='ltr'>quod</span> 
     </span>
    </p>

    <p class='ocr_par' dir='ltr' id='par_1_19' title="bbox 590 2710 1751 2829">
     <span class='ocr_line' id='line_1_19' title="bbox 590 2710 1751 2829; baseline -0.003 -29"><span class='ocrx_word' id='word_1_132' title='bbox 590 2743 616 2799; x_wconf 85' lang='lat' dir='ltr'>e</span> <span class='ocrx_word' id='word_1_133' title='bbox 623 2742 653 2829; x_wconf 82' lang='lat' dir='ltr'><strong><em>g</em></strong></span> <span class='ocrx_word' id='word_1_134' title='bbox 674 2714 719 2799; x_wconf 78' lang='lat' dir='ltr'>lit</span> <span class='ocrx_word' id='word_1_135' title='bbox 733 2710 998 2818; x_wconf 75' lang='lat' dir='ltr'>obstaculum,</span> <span class='ocrx_word' id='word_1_136' title='bbox 1026 2738 1111 2822; x_wconf 84' lang='lat' dir='ltr'>quo</span> <span class='ocrx_word' id='word_1_137' title='bbox 1133 2736 1275 2794; x_wconf 79' lang='lat' dir='ltr'>ornnes</span> <span class='ocrx_word' id='word_1_138' title='bbox 1295 2710 1395 2795; x_wconf 86' lang='lat' dir='ltr'>radii</span> <span class='ocrx_word' id='word_1_139' title='bbox 1414 2710 1591 2819; x_wconf 77' lang='lat' dir='ltr'>propef</span> <span class='ocrx_word' id='word_1_140' title='bbox 1611 2713 1751 2822; x_wconf 87' lang='lat' dir='ltr'>lapsuri</span> 
     </span>
    </p>

    <p class='ocr_par' dir='ltr' id='par_1_20' title="bbox 595 2832 1753 2954">
     <span class='ocr_line' id='line_1_20' title="bbox 595 2832 1753 2954; baseline -0.003 -25"><span class='ocrx_word' id='word_1_141' title='bbox 595 2845 921 2954; x_wconf 86' lang='lat' dir='ltr'>intercipiuntur,</span> <span class='ocrx_word' id='word_1_142' title='bbox 947 2836 1209 2950; x_wconf 70' lang='lat' dir='ltr'>pratermilsrt</span> <span class='ocrx_word' id='word_1_143' title='bbox 1226 2842 1356 2949; x_wconf 71' lang='lat' dir='ltr'>ug&amp;</span> <span class='ocrx_word' id='word_1_144' title='bbox 1373 2832 1567 2947; x_wconf 74' lang='lat' dir='ltr'>cirrirnodi</span> <span class='ocrx_word' id='word_1_145' title='bbox 1580 2840 1666 2925; x_wconf 81' lang='lat' dir='ltr'>aliis</span> <span class='ocrx_word' id='word_1_146' title='bbox 1682 2868 1753 2948; x_wconf 84' lang='lat' dir='ltr'>per</span> 
     </span>
    </p>

    <p class='ocr_par' dir='ltr' id='par_1_21' title="bbox 595 2963 1757 3077">
     <span class='ocr_line' id='line_1_21' title="bbox 595 2963 1757 3077; baseline -0.001 -21"><span class='ocrx_word' id='word_1_147' title='bbox 595 2976 630 3056; x_wconf 72' lang='lat' dir='ltr'>ll</span> <span class='ocrx_word' id='word_1_148' title='bbox 670 2969 932 3053; x_wconf 82' lang='lat' dir='ltr'>solummodo</span> <span class='ocrx_word' id='word_1_149' title='bbox 973 2965 1248 3071; x_wconf 85' lang='lat' dir='ltr'>tendentibus,</span> <span class='ocrx_word' id='word_1_150' title='bbox 1287 2970 1328 3049; x_wconf 71' lang='lat' dir='ltr'>dr</span> <span class='ocrx_word' id='word_1_151' title='bbox 1372 2963 1568 3053; x_wconf 80' lang='lat' dir='ltr'>constabit</span> <span class='ocrx_word' id='word_1_152' title='bbox 1600 2966 1757 3077; x_wconf 85' lang='lat' dir='ltr'>primo,</span> 
     </span>
    </p>

    <p class='ocr_par' dir='ltr' id='par_1_22' title="bbox 534 3080 1754 3210">
     <span class='ocr_line' id='line_1_22' title="bbox 534 3080 1754 3210; baseline -0.001 -27"><span class='ocrx_word' id='word_1_153' title='bbox 534 3080 539 3087; x_wconf 39' lang='lat'><strong>¹</strong></span> <span class='ocrx_word' id='word_1_154' title='bbox 597 3096 711 3210; x_wconf 84' lang='lat' dir='ltr'>quod</span> <span class='ocrx_word' id='word_1_155' title='bbox 744 3126 794 3182; x_wconf 84' lang='lat' dir='ltr'>ex</span> <span class='ocrx_word' id='word_1_156' title='bbox 815 3098 935 3183; x_wconf 72' lang='lat' dir='ltr'>radiis</span> <span class='ocrx_word' id='word_1_157' title='bbox 964 3122 987 3183; x_wconf 81' lang='lat' dir='ltr'><strong>a</strong></span> <span class='ocrx_word' id='word_1_158' title='bbox 1019 3091 1182 3181; x_wconf 86' lang='lat' dir='ltr'>diversrs</span> <span class='ocrx_word' id='word_1_159' title='bbox 1199 3093 1380 3203; x_wconf 76' lang='lat' dir='ltr'>partibus</span> <span class='ocrx_word' id='word_1_160' title='bbox 1396 3092 1541 3199; x_wconf 70' lang='lat' dir='ltr'>obiebli</span> <span class='ocrx_word' id='word_1_161' title='bbox 1568 3099 1603 3183; x_wconf 93' lang='lat' dir='ltr'>L</span> <span class='ocrx_word' id='word_1_162' title='bbox 1621 3099 1655 3179; x_wconf 88' lang='lat' dir='ltr'>B</span> <span class='ocrx_word' id='word_1_163' title='bbox 1672 3123 1754 3182; x_wconf 82' lang='lat' dir='ltr'>ma·</span> 
     </span>
    </p>

    <p class='ocr_par' dir='ltr' id='par_1_23' title="bbox 598 3219 1753 3338">
     <span class='ocr_line' id='line_1_23' title="bbox 598 3219 1753 3338; baseline -0.003 -29"><span class='ocrx_word' id='word_1_164' title='bbox 598 3225 803 3329; x_wconf 81' lang='lat' dir='ltr'>nantibus,</span> <span class='ocrx_word' id='word_1_165' title='bbox 830 3225 903 3338; x_wconf 91' lang='lat' dir='ltr'>qui</span> <span class='ocrx_word' id='word_1_166' title='bbox 935 3223 1104 3307; x_wconf 89' lang='lat' dir='ltr'>veniunt</span> <span class='ocrx_word' id='word_1_167' title='bbox 1125 3219 1342 3328; x_wconf 81' lang='lat' dir='ltr'>apartibus</span> <span class='ocrx_word' id='word_1_168' title='bbox 1364 3222 1497 3307; x_wconf 84' lang='lat' dir='ltr'>versus</span> <span class='ocrx_word' id='word_1_169' title='bbox 1528 3225 1564 3305; x_wconf 89' lang='lat' dir='ltr'>L</span> <span class='ocrx_word' id='word_1_170' title='bbox 1588 3221 1628 3305; x_wconf 90' lang='lat' dir='ltr'>in</span> <span class='ocrx_word' id='word_1_171' title='bbox 1658 3224 1753 3309; x_wconf 88' lang='lat' dir='ltr'>reti·</span> 
     </span>
    </p>

    <p class='ocr_par' dir='ltr' id='par_1_24' title="bbox 404 3346 1758 3458">
     <span class='ocr_line' id='line_1_24' title="bbox 404 3346 1758 3458; baseline 0.001 -29"><span class='ocrx_word' id='word_1_172' title='bbox 404 3426 411 3453; x_wconf 54' lang='grc'>,</span> <span class='ocrx_word' id='word_1_173' title='bbox 599 3374 694 3429; x_wconf 87' lang='lat' dir='ltr'>nam</span> <span class='ocrx_word' id='word_1_174' title='bbox 710 3348 895 3432; x_wconf 87' lang='lat' dir='ltr'>incidunt</span> <span class='ocrx_word' id='word_1_175' title='bbox 913 3346 1146 3456; x_wconf 79' lang='lat' dir='ltr'>propiusud</span> <span class='ocrx_word' id='word_1_176' title='bbox 1164 3346 1194 3452; x_wconf 86' lang='lat' dir='ltr'>l,</span> <span class='ocrx_word' id='word_1_177' title='bbox 1222 3373 1345 3458; x_wconf 89' lang='lat' dir='ltr'>quam</span> <span class='ocrx_word' id='word_1_178' title='bbox 1361 3348 1433 3458; x_wconf 90' lang='lat' dir='ltr'>qui</span> <span class='ocrx_word' id='word_1_179' title='bbox 1451 3349 1758 3456; x_wconf 84' lang='lat' dir='ltr'>veniuntapar·</span> 
     </span>
    </p>

    <p class='ocr_par' dir='ltr' id='par_1_25' title="bbox 510 3464 1843 3684">
     <span class='ocr_line' id='line_1_25' title="bbox 510 3464 1757 3580; baseline 0.006 -30"><span class='ocrx_word' id='word_1_180' title='bbox 510 3558 517 3566; x_wconf 84' lang='lat'><em>.</em></span> <span class='ocrx_word' id='word_1_181' title='bbox 600 3467 858 3551; x_wconf 78' lang='lat' dir='ltr'>tibusversus</span> <span class='ocrx_word' id='word_1_182' title='bbox 880 3474 927 3572; x_wconf 87' lang='lat' dir='ltr'>B,</span> <span class='ocrx_word' id='word_1_183' title='bbox 955 3470 1149 3577; x_wconf 83' lang='lat' dir='ltr'>fiquidem</span> <span class='ocrx_word' id='word_1_184' title='bbox 1180 3471 1222 3554; x_wconf 90' lang='lat' dir='ltr'>in</span> <span class='ocrx_word' id='word_1_185' title='bbox 1250 3472 1402 3580; x_wconf 70' lang='lat' dir='ltr'>pupilli</span> <span class='ocrx_word' id='word_1_186' title='bbox 1432 3464 1644 3557; x_wconf 78' lang='lat' dir='ltr'>decollant.</span> <span class='ocrx_word' id='word_1_187' title='bbox 1700 3479 1757 3560; x_wconf 89' lang='lat' dir='ltr'>Et</span> 
     </span>
     <span class='ocr_line' id='line_1_26' title="bbox 600 3580 1843 3684; baseline 0.005 -5"><span class='ocrx_word' id='word_1_188' title='bbox 600 3591 702 3679; x_wconf 88' lang='lat' dir='ltr'>licB</span> <span class='ocrx_word' id='word_1_189' title='bbox 725 3598 764 3678; x_wconf 91' lang='lat' dir='ltr'>D</span> <span class='ocrx_word' id='word_1_190' title='bbox 795 3591 955 3676; x_wconf 88' lang='lat' dir='ltr'>deberet</span> <span class='ocrx_word' id='word_1_191' title='bbox 990 3594 1123 3677; x_wconf 88' lang='lat' dir='ltr'>radios</span> <span class='ocrx_word' id='word_1_192' title='bbox 1154 3597 1288 3683; x_wconf 85' lang='lat' dir='ltr'>versus</span> <span class='ocrx_word' id='word_1_193' title='bbox 1319 3603 1403 3684; x_wconf 70' lang='grc' dir='ltr'>Ην</span> <span class='ocrx_word' id='word_1_194' title='bbox 1426 3597 1624 3681; x_wconf 89' lang='lat' dir='ltr'>emittere.</span> <span class='ocrx_word' id='word_1_195' title='bbox 1680 3600 1758 3684; x_wconf 82' lang='lat' dir='ltr'>Sed</span> <span class='ocrx_word' id='word_1_196' title='bbox 1835 3580 1843 3607; x_wconf 32' lang='lat' dir='ltr'>i</span> 
     </span>
    </p>

    <p class='ocr_par' dir='ltr' id='par_1_26' title="bbox 602 3714 1759 3831">
     <span class='ocr_line' id='line_1_27' title="bbox 602 3714 1759 3831; baseline -0.003 -24"><span class='ocrx_word' id='word_1_197' title='bbox 602 3747 696 3807; x_wconf 88' lang='lat' dir='ltr'>cum</span> <span class='ocrx_word' id='word_1_198' title='bbox 719 3714 817 3803; x_wconf 87' lang='lat' dir='ltr'>illud</span> <span class='ocrx_word' id='word_1_199' title='bbox 841 3717 934 3803; x_wconf 90' lang='lat' dir='ltr'>BD</span> <span class='ocrx_word' id='word_1_200' title='bbox 959 3738 1122 3827; x_wconf 87' lang='lat' dir='ltr'>propter</span> <span class='ocrx_word' id='word_1_201' title='bbox 1144 3718 1393 3822; x_wconf 77' lang='lat' dir='ltr'>nigredinem</span> <span class='ocrx_word' id='word_1_202' title='bbox 1419 3720 1550 3809; x_wconf 88' lang='lat' dir='ltr'>nullos</span> <span class='ocrx_word' id='word_1_203' title='bbox 1577 3748 1677 3831; x_wconf 85' lang='lat' dir='ltr'>pene</span> <span class='ocrx_word' id='word_1_204' title='bbox 1698 3748 1759 3804; x_wconf 81' lang='lat' dir='ltr'>ra-</span> 
     </span>
    </p>

    <p class='ocr_par' dir='ltr' id='par_1_27' title="bbox 515 3847 1761 3956">
     <span class='ocr_line' id='line_1_28' title="bbox 515 3847 1761 3956; baseline -0.002 -19"><span class='ocrx_word' id='word_1_205' title='bbox 515 3854 519 3859; x_wconf 80' lang='grc'><strong>’</strong></span> <span class='ocrx_word' id='word_1_206' title='bbox 603 3853 689 3937; x_wconf 83' lang='lat' dir='ltr'>dios</span> <span class='ocrx_word' id='word_1_207' title='bbox 708 3851 750 3933; x_wconf 88' lang='lat' dir='ltr'>in</span> <span class='ocrx_word' id='word_1_208' title='bbox 766 3847 928 3934; x_wconf 87' lang='lat' dir='ltr'>oculum</span> <span class='ocrx_word' id='word_1_209' title='bbox 947 3848 1155 3956; x_wconf 81' lang='lat' dir='ltr'>jaculetur,</span> <span class='ocrx_word' id='word_1_210' title='bbox 1182 3850 1308 3937; x_wconf 88' lang='lat' dir='ltr'>retina</span> <span class='ocrx_word' id='word_1_211' title='bbox 1324 3852 1345 3932; x_wconf 85' lang='lat' dir='ltr'>l</span> <span class='ocrx_word' id='word_1_212' title='bbox 1361 3850 1487 3936; x_wconf 86' lang='lat' dir='ltr'>dnon</span> <span class='ocrx_word' id='word_1_213' title='bbox 1503 3851 1607 3936; x_wconf 87' lang='lat' dir='ltr'>ultra</span> <span class='ocrx_word' id='word_1_214' title='bbox 1626 3849 1761 3935; x_wconf 86' lang='lat' dir='ltr'>versus</span> 
     </span>
    </p>

    <p class='ocr_par' dir='ltr' id='par_1_28' title="bbox 603 3976 1760 4087">
     <span class='ocr_line' id='line_1_29' title="bbox 603 3976 1760 4087; baseline -0.002 -24"><span class='ocrx_word' id='word_1_215' title='bbox 603 3978 635 4063; x_wconf 86' lang='lat' dir='ltr'>d</span> <span class='ocrx_word' id='word_1_216' title='bbox 650 3976 952 4082; x_wconf 76' lang='lat' dir='ltr'>illuminabitur,</span> <span class='ocrx_word' id='word_1_217' title='bbox 977 4003 1101 4085; x_wconf 81' lang='lat' dir='ltr'>quarn</span> <span class='ocrx_word' id='word_1_218' title='bbox 1128 3976 1176 4061; x_wconf 87' lang='lat' dir='ltr'>ad</span> <span class='ocrx_word' id='word_1_219' title='bbox 1201 3979 1255 4059; x_wconf 89' lang='lat' dir='ltr'>H.</span> <span class='ocrx_word' id='word_1_220' title='bbox 1314 3977 1510 4087; x_wconf 84' lang='lat' dir='ltr'>Quinimo</span> <span class='ocrx_word' id='word_1_221' title='bbox 1535 4005 1618 4062; x_wconf 88' lang='lat' dir='ltr'>nou</span> <span class='ocrx_word' id='word_1_222' title='bbox 1645 3977 1695 4059; x_wconf 89' lang='lat' dir='ltr'>ad</span> <span class='ocrx_word' id='word_1_223' title='bbox 1715 3978 1760 4061; x_wconf 87' lang='grc' dir='ltr'>Η</span> 
     </span>
    </p>

    <p class='ocr_par' dir='ltr' id='par_1_29' title="bbox 602 4099 1767 4223">
     <span class='ocr_line' id='line_1_30' title="bbox 602 4099 1767 4223; baseline -0.01 -28"><span class='ocrx_word' id='word_1_224' title='bbox 602 4108 730 4223; x_wconf 81' lang='lat' dir='ltr'>usque</span> <span class='ocrx_word' id='word_1_225' title='bbox 757 4103 1064 4212; x_wconf 79' lang='lat' dir='ltr'>illuminabitur,</span> <span class='ocrx_word' id='word_1_226' title='bbox 1115 4099 1185 4189; x_wconf 84' lang='lat' dir='ltr'>nilr</span> <span class='ocrx_word' id='word_1_227' title='bbox 1213 4131 1240 4188; x_wconf 84' lang='lat' dir='ltr'>a</span> <span class='ocrx_word' id='word_1_228' title='bbox 1268 4105 1391 4191; x_wconf 81' lang='lat' dir='ltr'>radiis</span> <span class='ocrx_word' id='word_1_229' title='bbox 1422 4101 1767 4201; x_wconf 70' lang='lat' dir='ltr'>rubriformibus;</span> 
     </span>
    </p>

    <p class='ocr_par' dir='ltr' id='par_1_30' title="bbox 1623 4226 1768 4312">
     <span class='ocr_line' id='line_1_31' title="bbox 1623 4226 1768 4312; baseline 0 0"><span class='ocrx_word' id='word_1_230' title='bbox 1623 4226 1768 4312; x_wconf 80' lang='lat' dir='ltr'>uiridi·</span> 
     </span>
    </p>
   </div>
   <div class='ocr_carea' id='block_1_3' title="bbox 0 0 2055 5258">
    <p class='ocr_par' dir='ltr' id='par_1_31' title="bbox 0 0 2055 5258">
     <span class='ocr_line' id='line_1_32' title="bbox 0 0 2055 5258; baseline 0 0"><span class='ocrx_word' id='word_1_231' title='bbox 0 0 2055 5258; x_wconf 95' lang='lat' dir='ltr'> </span> 
     </span>
    </p>
   </div>
  </div>
 </body>
</html>
