4078 5250
350 350 549 465 settl.
644 321 867 444 Ludis
905 294 1333 436 Cononruus.
1411 364 1514 483 195

346 570 515 683 copiam
534 561 654 670 addo,
680 555 808 672 quod,
834 553 863 641 fi
888 552 1195 664 microscopiurn
1218 553 1358 661 sumas,
1384 578 1508 672 atqua

344 699 408 785 ita
419 693 614 805 disponas,
633 677 1073 793 utpapyrumaliquam
1085 673 1245 767 affixam
1260 678 1428 789 lamine,
1445 684 1506 773 su.

345 844 562 931 perquam
590 808 746 919 obieeta
766 805 1013 893 collocantur
1031 805 1351 914 contemplanda,
1377 806 1509 899 distin·

346 946 412 1033 &e
442 942 677 1054 amplifinet,
717 937 812 1025 dein
847 937 904 1023 ita
932 936 1091 1043 statuas,
1126 961 1174 1022 ut
1209 936 1348 1048 imago
1379 936 1509 1027 lucida

346 1098 381 1153 x
396 1075 442 1159 X
457 1071 516 1152 tl
540 1068 690 1155 incidat
715 1064 760 1147 in
788 1062 902 1155 istam
926 1090 1137 1178 papyrum,
1174 1060 1329 1159 colores
1354 1064 1397 1155 in
1422 1065 1507 1174 ejus

345 1192 481 1283 limbo
497 1189 552 1281 lic
566 1189 778 1303 ampliatos
797 1185 950 1279 videbis
963 1187 1019 1275 sat
1035 1186 1274 1283 manifestos.

403 1450 604 1551 Vrnun,
636 1439 914 1531 cum'nristura
940 1444 1159 1561 radiorum,
1187 1442 1322 1553 quoad
1349 1439 1504 1529 colores

347 1570 609 1676 dillrnriliurn,
636 1597 721 1653 non
740 1566 903 1655 suadeo
923 1568 1096 1677 perfesta
1115 1573 1165 1659 in
1182 1568 1260 1659 hoc
1278 1567 1504 1679 specimine,

344 1699 446 1812 quin
475 1719 521 1785 ut
546 1726 569 1782 e
595 1694 800 1785 coloribus
825 1695 953 1807 aliqui
971 1698 1013 1783 in
1031 1698 1284 1785 extremitate
1305 1694 1503 1784 albedinis

215 1834 227 1885 ‘2
339 1848 572 1937 appareant,
597 1824 715 1931 <licet
735 1845 818 1910 tam
841 1823 992 1936 exigui,
1019 1846 1066 1910 ut
1081 1826 1265 1914 incautus
1291 1823 1398 1911 forte
1415 1851 1503 1913 non

346 1954 584 2057 advertat3)
604 1950 739 2061 placet
773 1948 932 2061 insuper
965 1949 1188 2057 observare,
1220 1949 1331 2063 quod
1364 1948 1501 2033 srvioe

335 2075 465 2163 lentis
484 2073 721 2169 refrabiotiae
744 2074 946 2186 speculum
969 2103 1193 2169 concavum
1217 2096 1399 2163 accurate
1418 2069 1501 2157 for·

333 2228 496 2295 matum
508 2209 549 2294 8(
564 2205 806 2316 perpolitum
819 2205 1017 2312 adhibeas,
1029 2202 1137 2289 dieta
1150 2203 1311 2289 mistura
1324 2201 1393 2287 fiet
1412 2228 1500 2287 onr-

334 2331 462 2419 nibus
486 2331 664 2415 numeris
694 2327 881 2438 perfetla.
937 2330 1101 2417 Etenim
1129 2328 1399 2437 irregularitas
1419 2326 1498 2433 illa,

341 2456 427 2564 qud
464 2452 724 2537 refrabliones
756 2454 812 2533 ita
843 2450 1141 2559 perturbantur,
1186 2454 1228 2533 in
1260 2448 1501 2535 refleiiioni·

343 2578 420 2663 bus
440 2575 546 2661 nulla
559 2575 645 2677 est3
669 2576 733 2659 sed
762 2575 861 2657 radii
890 2574 1149 2683 quoscunque
1176 2574 1331 2659 colores
1359 2576 1502 2680 depin-

345 2718 487 2805 gentes
513 2700 553 2782 8<
580 2717 786 2805 utcunque
814 2693 1084 2803 refrangibiles
1110 2696 1160 2779 ad
1183 2694 1340 2779 eosdem
1365 2718 1501 2783 tamen

343 2824 515 2936 angulos
544 2820 821 2930 relleiiuntur,
852 2823 895 2908 in
922 2824 1071 2930 quibus
1098 2822 1293 2909 incidunt.
1348 2831 1500 2938 Quam·

344 2955 500 3065 obrem,
516 2948 543 3032 fr
562 2950 617 3033 M
632 2951 677 3035 N
699 2948 788 3060 (fig.
818 2951 889 3056 16)
908 2947 1161 3060 lrtspeculum
1178 2951 1413 3061 ellipticum‚
1431 2985 1499 3043 cu·

344 3081 407 3186 jus
425 3075 638 3165 focisrntF
661 3080 701 3165 ie
719 3079 772 3180 X,
797 3075 897 3162 radii
913 3103 1053 3161 omnes
1070 3104 1093 3159 a
1117 3074 1269 3185 pundo
1292 3082 1324 3162 F
1341 3107 1498 3179 manaa.

335 3226 418 3314 tes,
444 3203 712 3316 cujuscunque
747 3203 821 3289 sint
849 3206 1020 3312 generis,
1050 3204 1127 3288 five
1146 3208 1362 3314 purpuram
1384 3211 1433 3294 nd
1450 3214 1496 3317 P,

342 3330 422 3417 sive
441 3333 675 3419 rubedinem
689 3333 740 3417 ad
758 3333 811 3437 T,
841 3330 1030 3416 fiuealios
1045 3329 1139 3415 alibi
1159 3326 1415 3444 quoscunque
1427 3364 1497 3422 co·

342 3462 448 3546 lores
470 3462 520 3545 ad
546 3458 746 3570 speculum
776 3460 1024 3567 exhibentes,
1052 3486 1498 3550 omnesaccurateeon·

341 3589 513 3675 veniunt
537 3588 579 3671 in
597 3587 742 3673 eodem
770 3586 924 3697 punito
944 3590 996 3670 X.
1053 3588 1263 3695 Quinimo,
1292 3590 1386 3676 licet
1412 3592 1497 3698 spe·

341 3713 482 3801 culum
498 3713 553 3793 M
565 3715 607 3801 N
622 3739 704 3797 non
717 3710 763 3796 fit
773 3742 821 3796 ex
831 3713 1006 3820 elliptiei
1016 3712 1143 3820 figuti
1162 3713 1497 3819 segmentum,sed

288 3912 294 3922 ,
347 3830 561 3938 elpharici,
581 3837 703 3918 modo
713 3837 998 3921 semidiameter
1013 3832 1177 3937 sploerae,
1188 3836 1265 3917 boc
1284 3838 1338 3919 est
1356 3838 1498 3921 distan-

344 3956 403 4040 tia
417 3958 502 4063 ejus
517 3986 539 4040 a
556 3956 861 4067 focispraedidis
876 3966 915 4046 F
938 3966 977 4047 br
996 3963 1037 4042 X
1055 3957 1144 4043 latis
1159 3987 1300 4069 magna
1320 3964 1378 4066 fit,
1401 3984 1497 4068 puta

344 4081 473 4168 trium
492 4079 718 4193 pluriumve
735 4089 896 4195 pedum,
923 4090 962 4172 br
981 4083 1163 4170 distantia
1181 4084 1364 4173 focorum
1382 4085 1498 4173 ualde

844 4217 882 4298 C
906 4240 929 4296 c
958 4241 981 4295 2
1359 4236 1491 4320 parva,
