4078 5250
538 272 639 401 152
819 260 918 363 Du
955 253 1361 361 Cunvnnuu
1519 264 1617 367 Par.
1654 271 1694 376 1.-

537 515 605 573 ror
621 480 786 601 quidem
800 483 842 566 V
858 481 914 588 X,
939 503 1035 567 cum
1053 474 1100 562 fit
1117 450 1259 620 fidig.
1279 489 1416 564 tantus
1445 480 1515 593 est,
1543 506 1591 571 ut
1621 490 1697 575 mi·

449 668 452 672 ’
537 680 621 758 ror,
645 651 758 761 quod
778 645 934 759 objeua
956 673 1029 756 per
1051 643 1277 752 hujusmodi
1299 645 1508 763 telescopia
1528 673 1611 742 ram
1638 660 1699 744 di·

535 774 678 868 strnue
710 778 839 864 videri
875 767 1034 886 poffmt.
1094 772 1169 936 {ed
1195 770 1357 858 alterius
1396 782 1553 888 generis
1584 810 1698 869 error

1129 899 1171 961 *ι

537 955 637 1060 PQ
653 947 733 1037 srne
751 918 884 1095 σεξ-ὠ-
900 935 983 1050 dig.
1011 938 1039 1025 i.
1058 969 1094 1028 e.
1110 987 1213 1093 3-7-—271
1235 943 1318 1056 dig.
1358 943 1532 1055 circiter,
1576 949 1697 1061 longe

539 1119 675 1206 minor
706 1114 776 1220 est,
802 1135 925 1223 quam
956 1105 1029 1221 qui
1066 1110 1196 1219 potest
1218 1103 1291 1197 effe
1313 1103 1515 1219 sensibilis,
1541 1115 1581 1203 δι
1607 1141 1699 1226 pro.

540 1243 634 1329 inde
654 1236 935 1349 negligendus;
964 1236 1003 1319 8(
1031 1230 1259 1318 indistinila
1283 1230 1383 1318 vifio
1413 1238 1616 1325 erroribus
1646 1266 1698 1324 ex

541 1364 881 1479 heterogeneitate
906 1357 1003 1443 lucis
1028 1360 1180 1445 exortis
1199 1357 1455 1446 solummodo
1476 1361 1697 1451 tribuenda.

540 1500 598 1583 Et
615 1478 709 1579 hinc
725 1508 832 1601 patet
848 1480 1133 1597 persedionem
1156 1484 1461 1595 telescopiorum
1484 1516 1567 1571 non
1592 1516 1698 1575 eco·

541 1620 641 1704 uicis
655 1614 895 1702 sedlionibus
910 1609 1122 1718 petendam
1137 1608 1225 1716 csse,
1253 1612 1318 1697 sed
1334 1613 1481 1722 figuras
1497 1613 1698 1722 sphaericas

541 1742 638 1826 huic
679 1742 765 1827 usui
802 1763 912 1847 aeque
946 1730 1134 1818 inservire
1167 1733 1286 1845 posse.
1342 1740 1389 1822 In
1432 1738 1700 1847 microscopiis

543 1867 711 1977 quidem
728 1891 880 1952 errores
905 1859 1253 1969 homogeneorum
1272 1866 1491 1972 radiorum,
1518 1894 1566 1950 ex
1582 1866 1702 1976 sphae·

541 1994 625 2077 rici
655 1992 856 2103 superficie
890 1989 986 2075 vitri
1024 1986 1230 2098 obedivi,
1274 2016 1438 2103 propter
1472 2012 1699 2102 aperturam

541 2121 641 2211 bene
667 2144 868 2227 magnam,
896 2145 1082 2204 enormes
1107 2121 1296 2204 oriuntur
1320 2126 1357 2205 8(
1381 2121 1602 2203 admodum
1616 2118 1701 2199 sen·

544 2244 696 2347 srbiles3
721 2243 822 2326 adeo
839 2263 887 2327 ut
909 2241 977 2326 illa
997 2243 1114 2348 vitra,
1142 2241 1402 2328 srsecundum
1427 2243 1609 2328 conicam
1629 2237 1700 2324 ali·

546 2394 670 2481 quam
698 2361 914 2450 sellionem
941 2364 1076 2450 debite
1105 2365 1389 2476 formarentur,
1431 2366 1550 2475 paulo
1575 2363 1702 2475 perse·

548 2494 675 2581 eriora
709 2493 936 2587 evaderent.
994 2494 1070 2577 Sed
1090 2498 1122 2596 l·
1140 2492 1354 2579 methodus
1374 2514 1507 2579 tamen
1528 2519 1594 2576 me
1620 2517 1705 2575 non

550 2622 650 2710 latet
675 2618 903 2731 corrigendi
933 2645 1089 2704 errores
1112 2617 1204 2704 illos
1228 2621 1374 2734 absque
1400 2621 1548 2709 conicis
1564 2617 1706 2706 sellio·

548 2749 683 2855 nibus,
709 2740 963 2834 &efficiendi
977 2765 1026 2829 ut
1047 2743 1154 2829 vitra
1179 2775 1202 2830 e
1219 2744 1412 2855 sphaericis
1429 2744 1706 2859 superficiebus

551 2876 719 2962 formari
734 2869 896 2984 pussant,
923 2901 1012 2985 quae
1041 2874 1174 2960 radios
1199 2873 1473 2989 homogeneos
1486 2875 1577 2959 satis
1591 2899 1705 2959 accu-

550 3023 636 3085 rate
662 2999 895 3108 refringent,
923 3027 975 3083 ne
1001 2997 1145 3104 dicam,
1166 3023 1255 3108 quae
1274 2999 1394 3109 longe
1407 2997 1629 3086 accuratius
1644 3021 1704 3080 re·

551 3126 731 3233 fringent
759 3122 950 3237 obliquos
974 3124 1180 3211 radiorum
1207 3123 1426 3234 penicillos,
1457 3151 1581 3238 quam
1599 3124 1705 3209 vitra

555 3253 642 3336 aliis
659 3249 962 3363 quibuscunque
984 3250 1124 3363 figuris
1144 3252 1381 3355 terminata;
1405 3254 1507 3334 adeo
1528 3271 1572 3333 ut
1587 3247 1704 3355 sphae-

555 3377 656 3461 ricas
681 3371 902 3481 superficies
927 3376 1059 3465 usibus
1090 3377 1309 3487 dioptricis‚
1351 3400 1429 3482 prae
1454 3372 1604 3462 ceteris
1619 3394 1710 3455 om·

554 3502 674 3590 nibus
691 3503 1010 3594 accommodatas
1024 3503 1099 3593 esse
1117 3502 1303 3593 censeam.

750 913 767 949 8

604 3883 622 3964 p
643 3874 767 3958 Nempe
782 3878 1056 3960 fiperspicillorum
1075 3886 1153 3950 vitra
1167 3881 1321 3965 objectiva
1332 3897 1369 3946 ex
1383 3879 1467 3945 vitris
1481 3876 1603 3945 duobus
1616 3874 1709 3959 sphe-

563 3968 629 4033 rice
656 3965 790 4051 figuratis
816 3970 976 4046 &equam
998 3970 1077 4034 inter
1104 3970 1135 4034 se
1162 3971 1374 4037 claudentibus
1401 3967 1589 4032 conflentur.
1634 3963 1708 4031 vid.

561 4052 720 4120 Newronl
742 4050 874 4138 Princip.
897 4052 1004 4121 Schol.
1032 4054 1069 4121 ad
1084 4076 1171 4141 prop.
1192 4061 1252 4124 ult.
1271 4054 1346 4137 Lib.
1364 4076 1394 4124 1.
1431 4051 1472 4121 Et
1488 4052 1564 4140 Opt.
1578 4071 1663 4135 prop.
1677 4069 1709 4128 γ.

566 4140 649 4209 Part.
669 4137 779 4211 abib.
797 4159 825 4207 1.

454 4234 457 4241 '
1426 4243 1430 4250 “
1554 4219 1710 4333 Ομὶα
1843 4264 1846 4270 ·
