4028 5252
538 333 614 440 60
818 325 913 427 Dr:
952 327 1311 433 Mortsont
1522 337 1631 442 Par..
1662 342 1697 442 Ι.

539 704 772 809 XXXIX.
838 697 1119 825 Radiorum,
1174 699 1252 807 ad'
1279 701 1498 848 opposttas
1536 737 1699 853 partes

613 856 816 1018 ejusdem
856 861 1160 1010 refringentis
1196 856 1459 1013 superficiei
1500 871 1700 983 inciden-

615 1031 750 1151 tium,
777 1021 916 1172 stnus
932 1016 1043 1169 [unt
1060 1026 1280 1168 reciproce
1293 1027 1662 1173 proportionales.
1802 1046 1806 1059 ’

601 1281 741 1388 Quoo
772 1267 797 1359 ir
823 1275 922 1362 radii
947 1278 1127 1362 econtra
1146 1300 1196 1357 ert
1217 1302 1307 1364 aere
1332 1279 1375 1364 in
1396 1279 1549 1367 vitrum
1571 1282 1701 1373 fimiti-

545 1426 607 1490 ter
620 1405 816 1510 incidant,
840 1399 1121 1513 proportiones
1144 1400 1298 1488 seruum
1320 1392 1434 1492 ¹nullo
1458 1414 1624 1521 negotio
1650 1439 1700 1495 ex

546 1533 626 1641 jam
650 1532 825 1618 inventis
852 1547 1061 1632 eruuntur,
1088 1546 1230 1637 utpote
1257 1556 1345 1642 quae
1372 1531 1462 1619 sunt
1480 1534 1703 1648 reciprocae.

549 1656 611 1741 Sit
637 1659 657 1740 1
684 1654 910 1742 communis
929 1649 1032 1736 finus
1053 1647 1275 1739 incidentiae
1299 1660 1327 1742 ὲ,
1347 1658 1456 1743 vitro
1485 1660 1529 1746 in
1556 1686 1702 1769 aerem,

548 1785 581 1866 P
608 1778 713 1865 finus
740 1776 988 1867 refraaionis
1024 1775 1198 1861 maxime
1226 1779 1542 1894 refrangibilium
1570 1784 1702 1870 radio·

550 1934 655 2012 rum,
681 1910 724 1990 R
757 1905 1009 1991 mediocriter
1041 1898 1372 2015 refrangibilium‚
1405 1915 1445 1998 &
1469 1910 1511 1997 T
1537 1911 1703 1998 minime

546 2030 875 2143 refrangibilium.
931 2026 1050 2135 Dico,
1085 2030 1199 2140 qttod
1228 2057 1279 2116 ex
1313 2031 1460 2119 horum
1503 2038 1703 2147 reciproce

549 2204 900 2316 proportionibus;
918 2178 1000 2321 fi}
1026 2220 1199 2317 ponatur
1243 2200 1319 2289 effe
1371 2201 1477 2289 srnus
1525 2205 1703 2290 inciden-

552 2407 615 2493 tiae
641 2436 692 2496 ex
713 2437 801 2496 aere
836 2408 881 2493 in
901 2408 1068 2520 vitrum,
1094 2404 1170 2491 erit
1190 2375 1231 2517 ’ἐς
1251 2402 1609 2491 smusrefrafflonis
1623 2432 1705 2491 ma·

551 2616 661 2700 xime
677 2609 995 2721 refrangibilium
1014 2607 1231 2713 radiorum3
1260 2575 1302 2720 3}
1330 2603 1431 2691 finus
1459 2601 1708 2692 refraeaionis

554 2813 813 2901 meffroc’riter
838 2808 1169 2918 refrangibili'um,
1195 2780 1297 2923 ac}
1327 2809 1492 2894 minime
1518 2806 1707 2918 refrangi-

555 2959 713 3043 bilium.
767 2960 878 3041 Nam
903 2985 999 3041 cum
1029 2959 1135 3046 finus
1159 2962 1382 3047 incidentiae
1405 2959 1503 3045 radii
1534 2960 1707 3045 maxime
1802 3016 1805 3021 ·

557 3078 822 3188 r-efrangibilis
844 3081 867 3162 ὁ
886 3079 995 3167 vitro
1011 3083 1053 3170 in
1078 3115 1210 3174 aerem
1229 3086 1275 3172 fit
1295 3090 1332 3195 Ι,
1357 3087 1518 3176 &finus
1533 3083 1707 3175 refrafft»

556 3204 646 3291 onis
665 3208 711 3310 P,
738 3200 837 3287 ra'dii
863 3205 947 3317 ejus
971 3236 1021 3294 ex
1038 3241 1126 3300 aere
1149 3215 1190 3299 in
1216 3215 1369 3302 vitrum
1396 3244 1466 3328 per
1488 3215 1640 3300 easdem
1658 3213 1708 3295 1ὶ»

556 3358 648 3417 neas
664 3325 851 3416 retroaffi
871 3328 974 3420 finus
990 3336 1213 3425 incidentiae
1236 3342 1314 3425 erit
1331 3345 1377 3448 P,
1403 3345 1442 3430 8<
1466 3341 1569 3426 smus
1589 3332 1707 3420 refra-

559 3454 704 3542 &ionis
720 3457 764 3563 13
789 3454 984 3573 fiquidem
1000 3463 1077 3572 jam
1092 3466 1226 3553 radius
1251 3465 1307 3551 est
1322 3467 1510 3572 incidens,
1537 3463 1609 3574 qui
1627 3460 1707 3568 prir

558 3615 604 3674 us
623 3586 744 3673 fuerit
763 3588 968 3679 refraRuS·
1026 3595 1095 3683 Est
1117 3580 1217 3709 ergo
1236 3593 1339 3683 finus
1361 3594 1583 3683 incidentiae
1608 3590 1708 3675 radii

556 3713 732 3803 maxime
757 3716 1033 3831 refrangibilis,
1059 3752 1110 3811 ert
1135 3749 1224 3808 aere
1246 3723 1289 3807 in
1314 3720 1466 3809 vitrum
1500 3741 1709 3829 utcunque

556 3843 779 3955 incidentis,
804 3842 855 3932 ad
883 3843 1011 3935 finum
1031 3846 1278 3937 refractionis
1304 3871 1351 3936 ut
1370 3853 1402 3935 P
1425 3847 1530 3956 adl,
1556 3845 1635 3933 hoc
1653 3841 1710 3929 est

418 4074 422 4085 ·
557 4018 813 4135 (applicando
822 4022 994 4111 rationes
1006 4027 1055 4112 ad
1067 4027 1119 4134 P)
1132 4045 1179 4112 ut
1195 4052 1211 4109 ι
1226 4002 1275 4111 od
1291 3978 1352 4142 {³3
1380 4025 1458 4116 hoc
1481 4020 1538 4109 est
1565 4015 1709 4128 (appli-

1580 4166 1718 4255 cando
