4078 5250
338 373 466 480 sect.
508 373 546 476 1.
620 360 1304 477 LucisConon1eus.
1381 396 1484 522 177

339 588 453 677 rubri
487 588 538 673 ad
574 587 628 691 T,
643 582 799 668 latiores
832 578 944 686 fient,
977 582 1017 668 8(
1048 581 1299 687 interjeuun
1322 590 1490 702 spatium

338 714 476 803 album
510 710 728 815 minuetur,
756 708 884 794 donec
916 725 1053 793 totum
1086 709 1308 800 destruatur
1337 717 1389 801 ab
1410 716 1492 805 istis

338 842 543 931 coloribus
560 855 818 950 occupatum·

392 1095 457 1182 11«
491 1087 595 1176 hisce
626 1109 761 1174 autem
802 1084 1049 1196 experientiis
1077 1095 1299 1180 cavendum
1329 1097 1398 1202 est,
1443 1121 1491 1184 ut

341 1214 518 1328 oblonga
535 1211 729 1298 foramina
749 1209 859 1296 lfint
877 1238 1057 1299 accurate
1073 1217 1248 1328 aqualia,
1271 1224 1309 1307 8<
1333 1224 1491 1333 aquali·
1521 1214 1524 1217 ’

339 1344 417 1427 bus
432 1338 623 1425 distantiis
637 1341 688 1425 ab
702 1337 879 1423 invicem
896 1338 1039 1446 diffita,
1066 1371 1116 1425 ne
1133 1342 1219 1428 luce
1237 1347 1363 1456 magis
1381 1352 1493 1458 copi·

339 1471 406 1555 old
423 1495 492 1576 per
515 1467 681 1579 aliquod
717 1459 885 1576 ingrell'a
907 1494 1030 1577 quam
1052 1496 1122 1578 per
1156 1493 1308 1583 catera,
1337 1478 1492 1560 colores

338 1597 483 1682 exinde
494 1598 668 1707 generati
688 1594 923 1704 prevaleant
938 1600 1100 1706 ceteris,
1129 1603 1388 1691 &misturam
1404 1630 1492 1712 per·

339 1723 487 1812 fedam
510 1725 768 1831 conturbent,
795 1724 903 1810 &lic
929 1728 1016 1813 vice
1034 1727 1225 1817 albedinis
1248 1732 1402 1817 colores
1426 1758 1492 1840 ap-
1557 1716 1562 1722 ⁴

338 1850 534 1957 parebunt
564 1851 657 1934 hinc
673 1849 781 1934 illinc
799 1874 912 1935 more
938 1849 1108 1939 fortuito
1122 1853 1248 1965 sparsi.
1304 1856 1375 1940 Illa
1394 1883 1493 1941 vero

339 1976 522 2062 distantia
548 1977 739 2063 rimarum
763 1977 793 2085 l,
823 1998 870 2062 ut
892 1983 1167 2070 &earundem
1192 1985 1379 2091 latitudo,
1408 2010 1492 2067 non

186 2177 191 2187 .
337 2102 642 2193 malestatuitur
655 2104 728 2196 effe
736 2135 829 2220 pars
845 2110 963 2219 digiti
983 2110 1140 2198 circiter
1155 2112 1405 2218 duodecima,
1423 2131 1493 2194 aut
1556 2220 1560 2226 Ι

335 2236 383 2318 ei
421 2237 547 2342 maior
574 2234 692 2344 forte,
740 2237 766 2323 st
796 2237 938 2346 prisma
969 2236 1058 2324 sutis
1085 2239 1268 2441 amplunp
1293 2239 1492 2324 adhibeas.
1523 2246 1528 2256 '

338 2358 585 2462 Quinetiam,
613 2360 808 2468 ficupias,
833 2384 881 2444 ut
896 2364 1214 2466 experimentum
1257 2360 1495 2446 nomnibus

337 2484 515 2565 numeris
524 2481 763 2585 absolutum,
781 2482 868 2564 vice
883 2482 1113 2588 prismatum
1129 2483 1352 2564 vitreorum
1367 2484 1494 2589 vulgo

340 2603 545 2689 venalium
571 2607 681 2710 (qua
698 2606 786 2691 sunt
805 2606 926 2688 nimis
941 2603 1123 2708 gracilia)
1150 2606 1269 2688 debes
1292 2608 1495 2705 ampliori·

340 2734 417 2815 bus
447 2727 525 2832 uti,
566 2727 700 2838 qualia
737 2724 856 2834 pollis
891 2720 1049 2809 efficere
1073 2754 1122 2809 ex
1166 2725 1324 2809 laminis
1358 2726 1497 2810 vitreis

340 2857 534 2965 utrinque
560 2853 782 2964 perpolitis,
810 2855 848 2941 8<
870 2850 1094 2960 conjuniiis
1115 2852 1157 2936 in
1179 2877 1335 2937 morem
1352 2851 1494 2939 vasculi

340 2979 626 3091 prismiformis,
652 2980 764 3091 quod
785 2977 987 3064 vasculum
1005 2978 1219 3091 impleatur
1244 2982 1349 3094 aqud
1364 2979 1492 3066 claris·

342 3101 511 3211 simi&
546 3104 724 3215 undique
755 3127 940 3191 cemento
975 3105 1201 3191 obturetur.
1256 3109 1357 3193 Non
1387 3106 1492 3190 mul·

339 3252 430 3315 tum
447 3227 581 3336 refert,
605 3256 791 3341 quaenam
811 3234 856 3317 fit
884 3231 1001 3338 hujus
1024 3231 1223 3340 latitud03
1259 3230 1419 3338 sufficit,
1446 3256 1492 3317 ut

339 3354 386 3439 sit
403 3354 529 3441 trium
544 3356 782 3467 digitorum.
839 3360 914 3443 Sed
940 3356 1194 3468 refringentia
1210 3360 1332 3444 latera
1347 3358 1492 3445 debent

332 3480 412 3573 ,elle
426 3505 601 3595 quatuor
613 3485 677 3570 vel
703 3485 767 3568 sex
792 3484 869 3570 lata
892 3507 963 3568 aut
986 3488 1169 3596 amplius,
1196 3509 1243 3572 ut
1269 3487 1378 3574 rima
1399 3514 1493 3594 pra·

337 3608 458 3694 fatal
476 3638 569 3695 cum
590 3611 784 3697 distantiis
813 3639 949 3697 earum
986 3610 1082 3699 liant
1110 3615 1276 3718 majores
1301 3618 1340 3699 &
1360 3614 1492 3722 plures

341 3744 378 3816 8(
395 3736 519 3841 magis
537 3760 739 3821 accurata.
794 3741 862 3822 Sin
881 3738 1006 3822 utaris
1030 3737 1337 3844 angustioribus,
1360 3740 1492 3849 qualia

343 3852 468 3958 vulgo
487 3862 730 3967 venduntur,
757 3864 910 3947 colores
938 3863 1066 3946 caeteri
1090 3863 1200 3965 juxta
1225 3862 1256 3939 P
1274 3888 1319 3945 ac
1337 3865 1377 3946 T
1396 3864 1493 3948 dila·

255 4053 257 4057 ,
343 3977 467 4061 tando
482 3979 589 4082 prius
608 3982 808 4067 destruent
837 3985 1082 4092 interjeilam
1104 3983 1341 4092 albedinem,
1368 4009 1491 4091 quam

345 4098 571 4213 perficiatur
602 4130 671 4212 per
702 4107 972 4192 remotionem
1005 4108 1142 4218 papyri
1176 4111 1207 4189 P
1234 4111 1288 4194 T.
1342 4111 1397 4190 Et
1429 4102 1492 4185 illa

878 4242 968 4321 Aa
1399 4255 1492 4338 prae·
