4128 5240
517 384 582 487 92
800 354 896 458 Da
934 362 1333 508 Pan-uonuu
1503 364 1599 467 Par.
1634 366 1672 469 Ι.

568 688 622 774 In
654 684 721 797 fig.
743 710 809 794 37.
828 684 875 769 fit
894 687 960 770 Fr
977 683 1110 770 radius
1125 715 1148 771 e
1166 691 1332 778 minime
1350 686 1673 803 refrangibilibus

512 839 719 927 utcunque
737 814 781 900 in
800 811 1045 923 superficiem
1060 822 1096 929 A
1114 841 1138 897 c
1154 816 1435 925 incidentibus,
1462 821 1587 933 fitque
1607 836 1670 909 re·

510 942 659 1031 stadius
687 942 770 1043 ejus
787 941 851 1045 cl,
880 939 952 1051 qui
972 941 1196 1031 retroactus
1219 945 1320 1033 secet
1339 949 1670 1054 perpendiculum

511 1069 709 1176 Fniiifi
764 1060 870 1154 Dein
897 1063 1077 1174 capiatur
1101 1075 1187 1178 Ae,
1217 1091 1262 1157 ut
1295 1071 1340 1155 sit
1368 1072 1440 1154 Fe
1466 1073 1602 1158 ach
1627 1075 1672 1156 in

511 1199 606 1283 dard
640 1198 814 1307 quddam
844 1192 1011 1299 ratione,
1051 1195 1213 1302 qualem
1237 1221 1354 1285 antea
1383 1195 1670 1308 descripsimus,

512 1323 568 1428 (l.
588 1352 657 1433 44,
683 1328 734 1433 45
756 1324 905 1428 &49·)
934 1316 1008 1439 hic
1022 1318 1169 1408 scilicet
1188 1326 1438 1428 conditione,
1465 1346 1513 1409 ut
1530 1324 1680 1433 habitu,

510 1456 543 1538 F
562 1480 674 1564 epto
693 1450 804 1535 radio
823 1449 997 1569 maxime
1016 1446 1275 1567 refrangibili,
1304 1450 1496 1541 refractus
1516 1456 1600 1563 ejus
1618 1454 1671 1543 ah

512 1582 657 1665 eodem
676 1568 1077 1690 pundo'fdivergat.
1105 1562 1257 1699 =liudo
1277 1581 1371 1690 hoc,
1399 1581 1426 1665 si
1447 1606 1521 1690 pro
1540 1583 1670 1691 poste·
1772 1622 1775 1627 ⁴

511 1699 611 1793 riori
632 1700 765 1789 medio
791 1700 899 1787 aliud
918 1698 1121 1812 utcunque
1138 1706 1307 1792 densum
1330 1732 1518 1790 earumve
1535 1703 1670 1791 substi-

385 1931 387 1935 ,
510 1854 663 1935 turtur,
690 1832 882 1939 ejusmodi
906 1832 989 1918 duo
1007 1833 1107 1941 radii
1132 1833 1349 1954 secundum
1370 1835 1521 1949 easdem
1545 1831 1672 1943 redas
1802 1927 1805 1933 ,

513 1961 598 2066 Fe,
625 1961 692 2043 Fc
721 1959 955 2064 incidentes,
982 1956 1133 2067 semper
1153 1962 1303 2048 debent
1335 1965 1391 2047 ita
1417 1958 1596 2070 refringi,
1623 1981 1673 2046 ut

512 2088 727 2175 abeodem
755 2079 893 2198 aliquo
929 2089 1202 2229 perpendiculi
1229 2091 1341 2211 illiue
1359 2090 1513 2201 pundo
1536 2087 1674 2173 simili.

511 2238 574 2298 rer
587 2210 812 2333 diyeigan't,
830 2214 895 2331 (l,
908 2224 962 2327 4'5
977 2218 1114 2326 8ι46.)
1141 2217 1486 2335 quemadmodum
1502 2242 1527 2297 a
1535 2242 1567 2326 g
1582 2240 1671 2325 ver·

511 2334 735 2451 suillium
771 2341 902 2451 pofito
934 2345 1046 2456 quod
1077 2341 1156 2431 hoc
1192 2343 1373 2430 medium
1400 2332 1594 2455 posterius
1623 2337 1672 2426 sit

512 2465 714 2554 densitatis
736 2468 785 2555 ab
804 2467 995 2556 anteriori
1015 2469 1142 2577 magis
1159 2467 1333 2591 diversa,
1360 2495 1485 2579 quam
1500 2467 1673 2556 alterum

510 2592 707 2713 posteriue
737 2583 928 2703 medium,
953 2594 1069 2713 quod
1084 2590 1295 2713 efficiebat
1314 2595 1571 2704 divergentes
1594 2621 1617 2677 a
1625 2592 1671 2711 f

514 2710 814 2807 'ostendendum
834 2710 890 2808 esi
905 2717 1054 2832 itaque,
1081 2719 1193 2832 quod
1211 2719 1339 2829 major
1366 2716 1412 2804 sit
1429 2717 1676 2831 inequalitas
1774 2822 1778 2831 ,

514 2846 682 2928 rationis
713 2846 868 2932 finuum
896 2840 1144 2931 retractionis
1175 2846 1218 2931 in
1243 2845 1453 2957 posteriori
1481 2871 1605 2953 quam
1629 2846 1673 2926 in

232 2966 237 2976 “
416 3032 431 3041 .
512 2965 638 3089 priori
657 2963 759 3048 casu.
816 2971 973 3058 Scilicet
998 2958 1097 3056 radii
1116 2973 1149 3056 F
1166 2971 1222 3061 cl
1245 2968 1349 3055 finus
1367 2964 1590 3051 incidentiae
1614 2965 1671 3050 est

514 3088 564 3171 ad
583 3084 708 3172 sinum
732 3072 984 3181 ‘retractionis
999 3082 1046 3183 ut
1056 3094 1125 3204 fc
1139 3095 1189 3178 ad
1209 3096 1288 3213 Ec,
1315 3091 1393 3175 hoc
1411 3089 1481 3201 est,
1508 3110 1555 3175 ut
1582 3092 1671 3178 iad

418 3202 424 3206 ’
516 3219 574 3286 Fr
1330 3220 1367 3287 F·

516 3313 588 3417 f·
640 3274 694 3355 Et
712 3266 761 3355 sic
777 3270 878 3356 radii
901 3274 933 3357 F
951 3298 972 3355 e
990 3299 1017 3355 ii
1034 3268 1124 3358 sunt
1144 3289 1190 3355 ut
1215 3297 1231 3353 1
1251 3270 1300 3353 ad
1328 3244 1401 3415 ᾗ,
1427 3258 1552 3376 quare
1567 3261 1671 3351 finus

519 3441 805 3535 resrasiionum
835 3448 1055 3534 eorundem
1088 3445 1297 3555 radiorum
1320 3440 1411 3526 sunt
1437 3438 1541 3524 inter
1569 3434 1606 3521 se
1624 3459 1671 3525 ut

517 3551 585 3750 ΞΕ.
605 3605 654 3688 ad
674 3557 751 3752 ἐξ·
799 3607 856 3729 Et
885 3603 1000 3691 srmili
1030 3600 1203 3689 discursu
1236 3593 1448 3727 constabit,
1473 3592 1588 3705 quod
1612 3617 1673 3677 ra.

518 3775 679 3860 diorum
694 3774 756 3873 cl,
789 3772 860 3882 en,
877 3768 1145 3861 r'efrasiorum
1158 3766 1377 3887 consimiles
1393 3762 1677 3901 resradionum

522 3939 625 4032 finus
641 3942 729 4030 sunt
749 3966 795 4031 ut
876 3899 934 4095 {i
962 3944 1013 4025 ad
1042 3898 1114 4093 -Ξ-Ξ,
1171 3938 1310 4051 Restat
1335 3937 1473 4051 itaque
1503 3941 1684 4051 proban·¹

1567 4105 1680 4212 dum,
1847 4192 1853 4197 ,
