4128 5240
376 358 625 473 Sedelss.
696 360 1355 486 Rernrcrroutnus.
1436 413 1535 531 103

374 585 434 671 dii
453 578 656 671 difformes
672 584 703 665 P
719 586 768 688 B,
795 585 829 666 P
848 586 903 692 X,
923 584 974 673 ab
990 592 1136 679 eodem
1153 595 1305 704 pundo
1322 603 1353 687 P
1369 628 1534 697 manan-

375 731 448 818 tes,
477 710 744 819 refringantur
760 713 810 797 ab
827 715 969 800 eodem
978 720 1024 824 f,
1051 723 1162 830 quod
1180 722 1298 813 {itum
1315 729 1426 817 estin
1445 761 1531 845 per·

371 839 588 946 pendiculo
612 842 643 923 Ρ
659 844 714 944 D,
743 843 1007 949 proportione
1027 847 1133 935 inter
1153 857 1186 937 P
1203 856 1244 940 X
1263 861 1299 942 8(
1314 860 1345 938 P
1364 861 1530 951 Bsemel

370 970 548 1079 cogniti,
575 967 602 1053 fi
619 969 669 1055 ab
687 969 928 1082 alioquovis
944 973 1114 1078 eiusdem
1134 986 1408 1092 perpendiculi
1426 1019 1528 1101 pun·

371 1090 441 1178 &o
458 1098 507 1179 ad
531 1095 816 1205 refringentem
837 1094 1079 1207 superficiem
1096 1104 1184 1188 duae
1204 1108 1401 1196 ducantur
1417 1117 1528 1203 linea

370 1225 537 1308 eandem
565 1227 762 1310 rationem
782 1224 991 1332 habentes,
1021 1230 1098 1315 hoc
1122 1234 1192 1340 est,
1220 1264 1298 1321 una
1320 1241 1527 1354 designans

370 1357 545 1441 maxime
577 1353 873 1465 refrangibilem
901 1361 1058 1443 radium
1082 1359 1129 1446 srt
1156 1366 1206 1449 ad
1231 1366 1410 1477 alteram,
1435 1402 1524 1486 quae

366 1482 546 1593 defignat
575 1484 740 1567 minimo
773 1482 1069 1592 infrangibilem
1103 1490 1273 1597 radium,
1300 1516 1346 1577 ut
1363 1502 1447 1583 PX
1472 1505 1525 1588 ad

367 1614 474 1697 PB:
504 1633 603 1695 tunc
621 1609 788 1694 istorum
808 1606 965 1694 refraffl
994 1611 1063 1716 (ex
1080 1637 1172 1699 ante
1190 1618 1468 1711 demonstratis
1484 1627 1521 1732 p.

365 1739 441 1840 45)
469 1735 681 1844 divergent
705 1735 753 1819 ab
769 1735 906 1847 aliquo
928 1739 1052 1822 etiam
1078 1740 1244 1851 punem,
1272 1753 1382 1857 quod
1400 1752 1517 1838 situm

365 1860 481 1945 estin
500 1861 643 1944 eodem
663 1862 946 1969 perpendiculo
964 1866 995 1945 P
1012 1870 1067 1970 D,
1106 1888 1311 1983 utcunque
1339 1878 1516 1966 medium

364 2012 556 2095 exparte
589 1990 689 2073 radii
724 1991 796 2073 IX
829 1990 1075 2101 supponatur
1109 2020 1257 2107 rarum,
1290 2000 1517 2090 dummodo

361 2119 590 2202 mediorum
615 2120 787 2203 alterum
803 2146 854 2205 ex
871 2140 985 2221 parte
1004 2120 1104 2207 radii
1127 2127 1211 2208 PX
1233 2132 1399 2216 eandem
1420 2133 1516 2218 den·

359 2246 512 2332 fitatem
551 2252 734 2334 retineat.
792 2251 1165 2358 Quemadmodum,
1209 2252 1235 2336 st
1264 2262 1437 2345 maxime
1456 2290 1519 2345 re·

357 2370 581 2482 stangibilis
621 2376 754 2457 radius
789 2375 939 2457 incidat
970 2374 1184 2459 secundum
1206 2385 1350 2487 pX&
1373 2386 1513 2473 refrin.

358 2521 476 2608 gatus
493 2528 516 2578 a
524 2503 568 2603 f,
596 2500 730 2582 medio
747 2500 891 2582 scilicet
910 2502 1041 2584 versus
1071 2506 1148 2584 IX
1174 2507 1254 2609 jam
1270 2514 1402 2616 posito
1417 2519 1513 2600 rari-

358 2622 421 2702 ori
450 2649 575 2726 quam
603 2643 710 2721 ante,
738 2642 829 2700 turn
849 2620 956 2702 reeta
972 2640 1008 2727 p
1023 2625 1048 2704 b
1064 2627 1114 2707 src
1133 2628 1267 2735 ducta,
1294 2652 1341 2712 ut
1358 2633 1403 2712 fit
1423 2642 1513 2722 PX

357 2747 442 2831 BP
462 2770 472 2825 ε
491 2757 544 2850 :p
559 2743 614 2823 X.
627 2754 658 2847 p
673 2736 712 2844 b,
740 2741 874 2823 radius
899 2745 1021 2828 etiam
1053 2748 1221 2832 minime
1248 2750 1512 2861 refrangibilis

345 2869 728 2985 pbrefringeretur
751 2868 809 2952 ab⁴
830 2871 971 2954 eodem
980 2874 1024 2980 f.
1079 2877 1199 2960 Unde
1225 2878 1405 2991 sequitur
1434 2880 1509 2969 effe

342 2999 490 3111 pbad
499 2998 542 3104 f
546 2993 571 3076 b
591 2993 689 3080 sicut
717 2995 823 3080 sinus
854 2998 1077 3086 incidentia
1111 3002 1314 3091 radiorum
1342 3008 1508 3099 minime

352 3124 673 3238 refrangibilium
701 3125 751 3208 ad
782 3119 909 3209 smum
939 3128 1202 3239 terradionis,
1247 3130 1371 3240 Μ.
1434 3142 1509 3227 Ast

350 3254 395 3339 in
414 3254 569 3339 ratione
587 3250 754 3335 istorum
779 3252 934 3337 sinuum
953 3255 1009 3339 est
1032 3256 1155 3341 etiam
1178 3262 1252 3342 tX
1267 3262 1314 3346 ad
1324 3265 1367 3370 f
1374 3268 1427 3371 X,
1454 3295 1505 3353 eo

349 3383 462 3492 quod
481 3378 626 3466 inflexa
645 3383 748 3464 lxr
763 3377 941 3490 defignet
961 3387 1116 3470 radium
1134 3388 1338 3498 aequaliter
1358 3395 1514 3478 refran·

348 3510 531 3620 gibilem‚
555 3513 668 3617 cujus
688 3510 811 3619 parsl
831 3513 872 3593 X
888 3513 1083 3621 prodqu
1107 3517 1246 3603 transit
1263 3548 1333 3629 per
1350 3522 1455 3608 idem
1465 3526 1505 3629 f.

346 3640 482 3746 Quare
515 3637 571 3722 est
594 3635 683 3747 pb.
706 3634 925 3742 szti.
946 3641 989 3746 f
994 3645 1049 3723 X.
1108 3648 1217 3728 Cum
1247 3675 1345 3731 vero
1368 3652 1514 3735 radius·

346 3765 430 3843 lx
456 3762 703 3873 supponatur
735 3761 810 3848 effe
839 3766 890 3848 ad
928 3765 1214 3877 refringentem
1254 3768 1512 3882 superficiem³

346 3886 499 3974 summe
517 3891 717 4000 obliquus,
748 3892 883 3979 sivein
908 3897 1059 4004 angulo
1077 3897 1233 3982 infinite
1247 3928 1373 4010 parvo
1388 3905 1501 3989 incli-

345 4038 476 4123 natus,
502 4019 604 4101 adeo
622 4042 669 4102 ut
686 4022 791 4107 retia
813 4029 853 4109 D
858 4026 901 4132 f
902 4052 978 4135 pro
993 4026 1149 4110 infinite
1171 4033 1294 4136 parri
1310 4032 1374 4117 seu
1393 4029 1511 4115 nulli²

344 4142 484 4232 habeti
516 4145 678 4255 debeat,¹
698 4148 876 4264 sequitur
904 4148 978 4238 effe
1014 4159 1054 4238 D
1069 4157 1110 4236 X
1133 4194 1179 4240 r:
1197 4161 1236 4241 X
1246 4159 1295 4265 f,
1335 4163 1376 4238 D
1393 4158 1431 4237 B
1448 4192 1498 4235 =

1413 4296 1509 4405 Bf,
