4078 5250
366 359 572 473 διξαὶ
644 349 1322 524 Lucisconoatpns.
1400 332 1517 469 '1⁵81

361 582 451 667 vice
497 570 689 663 albedinis
733 570 887 656 colores
940 570 1088 658 iterum
1129 574 1390 684 apparebunt·
1446 586 1522 686 At,

361 705 576 821 quomodo
590 696 746 785 colores
761 697 817 780 illi
836 697 885 780 de
901 727 1013 784 novo
1037 702 1218 810 generari
1233 696 1464 811 potuissent,
1491 708 1519 792 fi

361 834 657 920 destruerentur
674 823 717 906 in
734 822 1011 933 produllione,
1020 828 1156 936 potius
1170 854 1294 939 quam
1313 826 1520 915 misceren-

363 983 432 1047 tur
462 987 547 1042 nou
577 955 712 1040 viden
768 957 1089 1043 Concedcndum.
1124 959 1180 1043 est
1217 959 1365 1070 itaque,
1407 961 1521 1068 quod

363 1105 527 1169 tantum
560 1079 787 1183 minentur,
827 1082 864 1167 8<
898 1083 1011 1193 quod
1045 1082 1143 1167 radii
1178 1083 1296 1166 variis
1317 1081 1521 1169 coloribus

364 1209 498 1317 cludi,
525 1215 862 1319 &promanantes
882 1241 904 1295 a
922 1211 1083 1297 diversis
1107 1214 1218 1297 rimis
1238 1213 1268 1320 l,
1283 1213 1306 1293 l
1322 1209 1521 1297 decuffant

363 1340 500 1426 selein
525 1338 637 1425 dieto
663 1336 856 1422 foramine
879 1364 952 1424 acu
983 1334 1139 1447 elfelm,
1170 1346 1208 1428 81
1238 1341 1369 1451 postea
1388 1342 1520 1428 diver·

365 1488 507 1579 gentes
532 1466 583 1551 ab
606 1463 780 1549 invicem
791 1463 987 1571 gradatim
997 1464 1313 1579 segregantur,&
1327 1466 1520 1576 segregati

365 1596 550 1706 proprios
567 1593 717 1678 iterum
736 1590 895 1675 colores,
914 1593 1149 1707 depingunt,
1175 1595 1517 1706 quemadmodum

364 1724 527 1834 posthac
554 1721 682 1808 fustus
708 1718 988 1829 explicabitur..
1037 1727 1104 1811 Ad
1135 1728 1305 1812 eundem
1336 1743 1522 1836 praterea

366 1850 555 1955 modum„
576 1848 611 1932 li·
632 1847 835 1957 speculum
855 1847 1016 1959 aliquod
1037 1852 1255 1962 planum&
1273 1852 1465 1961 exiguum
1481 1853 1522 1933 K

365 1972 571 2059 statuasin
585 1973 719 2058 medio
736 1972 928 2061 albedinis
951 1979 1001 2063 ad
1026 1981 1115 2065 PT
1141 2003 1336 2090 papyrum
1360 1968 1521 2078 effedlae,

366 2101 427 2186 ita
447 2103 612 2213 quidem
631 2127 678 2188 ut
704 2104 861 2217 aliquos
876 2134 926 2191 ex
945 2106 1246 2216 albificantibus·
1259 2106 1377 2190 radiis
1402 2102 1522 2197 alior-

363 2225 449 2311 sum
469 2228 597 2315 veluti
614 2232 663 2315 ad
674 2247 709 2339 p
727 2245 747 2311 t
766 2230 1051 2338 refled’tat3.lux
1069 2231 1158 2315 alba
1176 2229 1226 2314 fic
1246 2227 1390 2315 reflexa
1404 2230 1523 2335 dege-

365 2352 520 2436 nerabit
538 2356 580 2438 in
598 2356 769 2459 calores,
794 2383 902 2463 quos
926 2358 1063 2439 videre
1092 2356 1148 2437 est
1169 2353 1219 2432 ad
1233 2370 1268 2457 p
1287 2367 1307 2429 t
1323 2376 1522 2460 papyrum

366 2473 612 2576 objiciendo.
663 2475 828 2558 Etenim
854 2476 952 2556 radii
976 2472 1094 2557 tinlli
1113 2499 1206 2554 cum
1230 2470 1391 2555 diversis
1409 2474 1523 2557 colo·

369 2593 494 2697 nibus,
520 2599 558 2678 8<
576 2595 620 2677 in
634 2594 861 2677 albedinem
879 2597 929 2677 ad
951 2592 1153 2700 speculum
1169 2600 1208 2677 K
1223 2595 1435 2698 commisti,
1461 2597 1522 2675 in·

368 2713 570 2799 clinantur
596 2719 646 2801 ad
669 2715 707 2801 se
724 2717 919 2820 invicem3
946 2737 1152 2825 propterea
1176 2715 1289 2825 quod
1305 2717 1525 2801 adveniunt

369 2868 397 2923 a
420 2838 582 2925 diversis
621 2833 761 2926 liffucis
806 2839 841 2937 l,
869 2839 904 2938 l,
933 2841 963 2948 l,
991 2838 1027 2937 l,
1054 2839 1146 2937 ld.
1202 2842 1333 2953 Atqui
1367 2860 1526 2925 tantum

368 2961 587 3073 divergunt
610 2993 633 3047 a
660 2966 831 3076 speculo,
859 2964 1069 3075 postquam
1097 2961 1370 3075 reflelluntur,
1396 2994 1522 3080 quan·

369 3111 459 3177 tum
478 3114 592 3178 antea
608 3100 921 3209 convergebant.
977 3096 1246 3206 Divergentes
1265 3095 1401 3209 itaque
1428 3123 1522 3206 pau·

369 3218 484 3303 latIm
499 3215 769 3329 diffoeientur,
797 3251 842 3307 ac
861 3217 1053 3307 dissociati
1065 3226 1250 3333 proprios
1264 3223 1421 3309 colores
1437 3251 1522 3308 non

368 3344 474 3430 secus
496 3344 761 3457 exhibebunt,
790 3373 915 3462 quam
941 3345 967 3430 fi
991 3375 1197 3461 nunquam
1225 3343 1384 3435 fuiffent
1408 3374 1529 3434 com·

368 3469 487 3554 misti.
541 3472 692 3584 Liquet
711 3499 824 3585 ergo,
857 3472 972 3586 quod
990 3474 1033 3559 in
1058 3478 1224 3563 mistum
1242 3476 1443 3562 radiorum
1463 3475 1531 3560 di·-

369 3592 654 3684 uerltcolorum
682 3601 955 3711 dispositiones
978 3599 1027 3684 ad
1044 3596 1275 3688 efficiendos
1302 3602 1436 3688 varios
1453 3628 1521 3684 co·

370 3720 473 3800 lones
503 3747 585 3803 non
616 3725 887 3832 destruuntur,
922 3741 1017 3808 utut
1048 3723 1272 3810 albedinem
1297 3721 1554 3826 exhibeam.-

377 3838 475 3921 dum
489 3844 816 3933 commisceantur
833 3849 916 3935 fibi.
