4058 5258
608 376 720 494 254
962 348 1055 450 Du
1097 340 1349 447 Vanus
1569 341 1665 443 Pur.
1700 338 1757 444 11.

611 578 688 684 dis,
714 591 785 661 aut
804 565 900 655 flavi
920 564 1050 677 parari
1076 554 1239 673 pollent,
1267 552 1469 664 objelium
1487 551 1652 668 aliquod
1679 583 1760 666 per.

612 707 805 816 exiguum
824 722 918 783 cunr
937 693 1099 779 mistura
1118 684 1331 799 pulverum
1351 684 1517 769 istorum
1543 679 1662 766 erade
1686 685 1761 768 illi·

613 854 718 937 tum,
740 822 943 935 geminam
974 815 1193 924 imaginem
1228 806 1455 895 exhiberet:
1497 804 1765 915 {pedeculnm

614 952 720 1041 forte
753 948 883 1038 causas
908 942 1186 1059 ignorantibus
1213 938 1455 1026 mirandum.
1508 936 1585 1021 Sed
1609 960 1764 1040 vereor,

616 1104 664 1167 ut
688 1078 873 1191 pulveres
894 1069 1101 1161 coloribus
1122 1072 1223 1161 adeo
1256 1063 1498 1177 srmplicibus
1519 1063 1675 1177 prediti
1700 1088 1766 1173 pa·

617 1205 695 1290 rari
714 1199 874 1316 poffint
1291 1208 1298 1217 ’

670 1460 774 1545 Hrs
802 1478 987 1568 preterea
1000 1480 1083 1549 non
1099 1451 1274 1539 multum
1293 1440 1477 1539 diffinire
1495 1443 1567 1553 est,
1594 1470 1688 1533 cum
1702 1472 1768 1531 co·

613 1586 722 1673 lores
739 1586 913 1669 duorum
931 1582 1163 1693 prismatum
1177 1579 1232 1663 ita
1249 1576 1292 1659 in
1303 1574 1496 1689 parietem
1508 1572 1773 1681 trajiciuntur,

617 1734 665 1797 ut
693 1711 834 1814 (unius
861 1708 1009 1793 rubore
1037 1707 1297 1815 contingente
1323 1725 1575 1808 purpureum
1592 1697 1772 1803 alterius)

617 1838 661 1921 in
673 1832 872 1919 diretrurn
886 1834 1054 1940 jaceant,
1081 1826 1424 1942 quemadmodum
1440 1824 1579 1911 videre
1594 1827 1651 1913 est
1666 1831 1698 1910 P
1718 1826 1772 1929 T,

613 1962 656 2043 dt
676 1957 876 2039 mediante
901 1952 1086 2061 prismate
1110 1949 1310 2060 parallelds
1344 1948 1583 2056 interpofito
1609 1954 1773 2036 intuen-

613 2103 694 2162 tur.
750 2078 861 2160 Nam
879 2072 1073 2176 imagines
1090 2100 1174 2155 non
1196 2071 1367 2179 amplius
1383 2074 1427 2153 in
1444 2071 1645 2155 disertum
1669 2076 1775 2177 jace.

616 2202 736 2307 bunt,
763 2195 827 2281 sed
843 2196 895 2281 ab
917 2193 1092 2277 inuicem
1108 2190 1358 2300 apparebunt
1381 2190 1580 2301 distinata,
1609 2194 1776 2301 ficutad

617 2355 658 2411 m
675 2330 755 2416 n&
787 2318 1119 2433 urdefignantur,
1146 2316 1318 2443 ίὶμς.Α

679 2583 855 2681 bruun
875 2575 945 2683 ita,
972 2570 1100 2660 srduu
1119 2571 1304 2682 prismata
1320 2577 1364 2657 ‘A
1378 2594 1424 2657 ac
1444 2574 1477 2656 B
1501 2571 1590 2687 (fig.
1608 2577 1704 2684 46.)
1732 2577 1782 2663 src

624 2711 864 2811 statuantur,
891 2728 938 2788 ut
965 2725 1109 2789 eorum
1133 2702 1286 2789 colores
1314 2701 1517 2813 adaequate
1544 2703 1782 2792 incidantin

621 2833 769 2920 ordine
782 2855 917 2917 tamen
935 2828 1152 2937 contrario,
1182 2833 1359 2941 purpurd
1373 2829 1534 2914 alterius
1549 2833 1782 2921 eadentead

615 2977 665 3069 p,
692 2964 731 3046 8r
764 2960 912 3046 rubore
937 2960 987 3043 ad
1012 2962 1043 3041 P
1058 2994 1071 3066 3
1098 2959 1261 3045 alterius
1287 2983 1423 3044 autem
1447 2960 1482 3041 B
1509 2968 1690 3071 purpura
1717 2992 1781 3052 ca.

624 3082 749 3167 dente
780 3083 830 3166 ad
848 3086 932 3170 P&
951 3085 1098 3168 rubore
1113 3084 1162 3167 ad
1171 3099 1232 3192 p;
1274 3087 1313 3170 8r
1346 3111 1416 3195 per
1446 3087 1613 3172 tertium
1640 3089 1783 3203 prisma

627 3214 712 3297 EF
733 3211 898 3318 imagini
921 3214 953 3295 Ρ
959 3226 997 3317 p
1015 3204 1244 3309 parallelum
1271 3214 1532 3321 perspexerim
1561 3219 1687 3306 unicae
1711 3224 1781 3329 Pp

627 3336 727 3418 duas
751 3331 1004 3435 decullantesxv
1016 3338 1210 3444 imagines
1229 3338 1460 3443 intueberis,
1481 3338 1649 3427 alteram
1666 3348 1723 3429 M
1739 3348 1783 3431 N

630 3486 652 3545 e
665 3453 871 3542 coloribus
907 3453 1101 3562 prismatis
1120 3462 1154 3540 Β
1177 3460 1423 3564 prodonam,
1467 3462 1504 3545 dr
1521 3460 1688 3547 alteram
1702 3493 1744 3547 nr
1757 3495 1787 3551 n

629 3580 874 3671 eeoloribus
894 3571 1088 3690 prismatis
1107 3586 1159 3668 A.
1214 3586 1269 3666 Et
1294 3609 1380 3692 quo
1408 3580 1567 3694 longius
1593 3589 1646 3674 ab
1669 3594 1786 3703 obje.

634 3708 702 3797 &0
723 3712 799 3820 Pp
823 3732 863 3795 te
888 3701 1080 3813 conferas,
1107 3735 1157 3794 eo
1185 3710 1312 3822 magis
1348 3708 1619 3804 extremitates
1645 3720 1785 3835 imagi.

636 3832 736 3928 num
754 3834 808 3921 M
827 3832 1024 3925 anau
1044 3839 1081 3926 dr
1098 3834 1364 3924 mdistabuut.
