4078 5250
502 276 613 503 aja,
784 348 1318 454 DsRsotosuu
1464 352 1668 467 Pauli.-
1767 508 1771 517 ι
1866 486 1872 495 ,

561 686 788 799 Quari'ro,
815 708 863 774 ut
881 681 1037 773 colores
1061 681 1111 768 ad
1135 680 1176 766 R
1202 673 1357 766 facilius
1376 679 1501 768 etiam
1526 690 1678 778 mati.

503 847 560 904 us
582 816 925 913 commisceantur,
962 805 1105 919 prisma
1131 810 1171 894 A
1187 807 1276 894 BC
1303 802 1501 895 statuatur
1528 812 1572 896 in
1598 815 1677 903 sttu

513 971 760 1058 quocunque
776 939 858 1044 tali,
878 958 923 1024 ut
939 934 1040 1043 radii
1049 957 1141 1020 tutu
1158 930 1430 1043 ingredientes
1446 955 1534 1021 tum
1547 965 1676 1022 erner-

512 1090 653 1181 gentes
673 1066 952 1155 resraslionetu
974 1081 1282 1172 praeterpropter
1305 1064 1499 1173 aqualem
1525 1065 1680 1173 patian-

518 1219 599 1302 tur,
624 1196 721 1284 &iu
738 1223 789 1281 eo
811 1194 886 1279 srtu
903 1190 1060 1303 figatur.
1115 1193 1169 1273 Et
1193 1185 1349 1273 colores
1367 1189 1450 1293 ejus
1467 1193 1517 1276 ad
1536 1193 1681 1278 distan-

518 1324 618 1409 tiam
634 1324 810 1408 duorum
826 1319 973 1431 pedum
991 1317 1257 1426 excipiantur,
1283 1315 1348 1400 vel
1364 1315 1413 1398 ad
1429 1343 1516 1401 eam
1531 1320 1682 1430 potius,

520 1450 595 1539 ubi
613 1451 726 1541 vidos
745 1446 997 1554 slavum¹ejus
1012 1449 1052 1534 bc
1069 1441 1282 1531 caeruleum
1298 1441 1425 1528 modo
1447 1446 1682 1556 contiguos,
1830 1488 1836 1497 ·

521 1577 705 1664 albedine
721 1574 959 1662 intermedii
986 1597 1075 1657 tum
1095 1569 1365 1657 evanescente.
1419 1572 1560 1658 Postea
1583 1570 1684 1683 siga·

524 1723 594 1787 tur
612 1702 710 1789 illud
736 1697 881 1812 prisma
907 1703 1028 1788 GHI
1058 1694 1188 1782 intuli
1209 1695 1298 1802 litu,
1325 1719 1371 1782 ut
1400 1723 1574 1808 purpura
1597 1700 1683 1805 ejus

515 1829 737 1937 contingat
752 1829 942 1914 ruborem
960 1823 1123 1910 alterius
1139 1828 1177 1909 A
1196 1821 1300 1929 BC,
1314 1851 1396 1908 uon
1412 1849 1547 1910 autern
1571 1824 1684 1911 coin·

525 1948 633 2058 sidat
656 1952 728 2058 illi,
752 1953 920 2041 &linea
943 1947 1153 2038 eontasitis
1181 1968 1357 2033 notetur.
1413 1952 1571 2037 Deinde
1602 1973 1686 2037 ter·

525 2071 630 2171 tium
645 2073 787 2182 prisma
802 2082 844 2159 D
857 2080 938 2163 EF
954 2077 1004 2160 stc
1023 2074 1115 2184 fige,
1141 2096 1188 2159 ut
1202 2072 1480 2179 ejuscolorum
1495 2075 1687 2159 medietas

521 2198 642 2287 ‘cadat
663 2193 872 2287 induam
896 2197 1041 2281 lineam
1057 2195 1282 2303 eontasisls,
1309 2199 1419 2306 quod
1436 2198 1508 2283 ubi
1525 2196 1686 2284 contin·

531 2322 607 2435 git,
649 2319 763 2407 facile
795 2321 1026 2433 cognosces,
1053 2324 1345 2432 intercipiendo
1379 2322 1512 2409 lucem
1545 2347 1689 2411 catera

523 2451 715 2559 prismata
740 2444 1012 2560 ingressuram.
1067 2450 1257 2559 Denique
1282 2474 1451 2559 papyrus
1473 2456 1507 2535 P
1526 2451 1568 2535 T
1583 2449 1692 2535 ultra

531 2574 714 2689 citraque
737 2572 998 2661 transferatur
1022 2574 1247 2684 paululum,
1271 2575 1400 2659 donec
1424 2575 1561 2661 videas
1584 2576 1693 2663 albe·

531 2702 672 2791 dinem
696 2698 913 2812 perfossam
937 2699 980 2786 iu
1006 2699 1140 2787 medio
1158 2699 1343 2788 colorum
1369 2701 1419 2785 ad
1443 2706 1485 2790 R
1502 2703 1694 2813 generari.

448 2828 451 2857 '
527 2830 672 2938 'Quam
686 2826 855 2938 quidem
870 2826 1095 2915 albedinem
1109 2827 1288 2914 exuariis
1306 2825 1511 2915 coloribus
1529 2856 1696 2938 compo·

534 2953 649 3041 sitam
680 2949 757 3038 else
792 2956 1000 3063 constabit,
1039 2954 1331 3062 intercipiendo
1375 2954 1531 3040 colores
1574 2956 1695 3042 unius

535 3081 762 3165 duorumve
791 3083 1040 3191 prismatum,
1083 3078 1313 3190 priusquam
1337 3082 1539 3194 attingant
1571 3111 1695 3198 papy-

535 3227 649 3310 tum;
676 3228 769 3287 nam
800 3205 893 3291 loco
909 3204 1118 3312 albedinis,
1132 3230 1216 3312 eos,
1244 3232 1348 3317 quos
1365 3236 1451 3294 non
1474 3211 1692 3320 intercipis,

529 3321 691 3417 colores
710 3325 947 3410 intueberis.

483 3590 493 3682 ᾗ
591 3578 816 3672 Demque
844 3566 872 3655 st
896 3566 1007 3676 velis,
1033 3592 1081 3658 ut
1101 3569 1259 3659 colores
1281 3568 1471 3688 cujusque
1497 3578 1696 3688 prismatis

539 3694 754 3816 persedius
770 3696 1020 3807 misceantur,
1042 3692 1163 3810 pollis
1184 3696 1373 3787 adlubete
1396 3702 1511 3814 plura
1533 3707 1696 3817 prisma.

541 3853 597 3938 ta,
624 3828 749 3915 modo
768 3825 907 3935 prasio
925 3822 998 3911 sant
1012 3859 1024 3935 3
1040 3847 1175 3914 tamen
1192 3847 1362 3915 eventus
1377 3857 1461 3917 non
1481 3833 1609 3920 deerit
1628 3865 1697 3924 ex.

543 3955 775 4072 pescationi,
803 3953 931 4042 sttria
957 3978 1118 4045 tantum
1144 3957 1345 4046 adhibeas.
1401 3964 1565 4051 Etenim
1584 3967 1695 4053 colo·

543 4115 607 4178 res
623 4087 811 4205 cujusque
828 4084 1023 4200 prismatis
1038 4084 1207 4177 seorsum
1222 4085 1387 4200 peona
1400 4120 1482 4179 non
1500 4091 1590 4182 sunt
1608 4120 1695 4178 om-

1597 4243 1697 4304 nmo
