<?xml version="1.0" encoding="UTF-8"?>
<!DOCTYPE html PUBLIC "-//W3C//DTD XHTML 1.0 Transitional//EN"
    "http://www.w3.org/TR/xhtml1/DTD/xhtml1-transitional.dtd">
<html xmlns="http://www.w3.org/1999/xhtml" xml:lang="en" lang="en">
 <head>
  <title>
</title>
<meta http-equiv="Content-Type" content="text/html;charset=utf-8" />
  <meta name='ocr-system' content='tesseract 3.04.00' />
  <meta name='ocr-capabilities' content='ocr_page ocr_carea ocr_par ocr_line ocrx_word'/>
</head>
<body>
  <div class='ocr_page' id='page_1' title='image "./isaacinewtonieq01newtgoog_0217.png"; bbox 0 0 4078 5250; ppageno 0'>
   <div class='ocr_carea' id='block_1_1' title="bbox 557 251 1706 517">
    <p class='ocr_par' dir='ltr' id='par_1_1' title="bbox 557 251 1706 517">
     <span class='ocr_line' id='line_1_1' title="bbox 557 251 1706 517; baseline -0.026 -56"><span class='ocrx_word' id='word_1_1' title='bbox 557 280 720 499; x_wconf 46' lang='lat'>{146}</span> <span class='ocrx_word' id='word_1_2' title='bbox 771 342 809 517; x_wconf 80' lang='grc' dir='ltr'> </span> <span class='ocrx_word' id='word_1_3' title='bbox 855 278 948 445; x_wconf 81' lang='lat' dir='ltr'>De</span> <span class='ocrx_word' id='word_1_4' title='bbox 983 298 1383 444; x_wconf 63' lang='lat' dir='ltr'>Rabio&#39;u&#39;uu&#39;r</span> <span class='ocrx_word' id='word_1_5' title='bbox 1456 266 1615 453; x_wconf 48' lang='lat' dir='ltr'>&#39;marg</span> <span class='ocrx_word' id='word_1_6' title='bbox 1646 251 1706 450; x_wconf 64' lang='lat' dir='ltr'>li</span> 
     </span>
    </p>
   </div>
   <div class='ocr_carea' id='block_1_2' title="bbox 553 553 1760 3846">
    <p class='ocr_par' dir='ltr' id='par_1_2' title="bbox 553 553 1760 3846">
     <span class='ocr_line' id='line_1_2' title="bbox 559 553 1714 682; baseline -0.012 -24"><span class='ocrx_word' id='word_1_7' title='bbox 559 595 646 660; x_wconf 86' lang='lat' dir='ltr'>tum</span> <span class='ocrx_word' id='word_1_8' title='bbox 667 566 782 682; x_wconf 89' lang='lat' dir='ltr'>quod</span> <span class='ocrx_word' id='word_1_9' title='bbox 804 562 959 650; x_wconf 86' lang='lat' dir='ltr'>vitrum</span> <span class='ocrx_word' id='word_1_10' title='bbox 976 553 1224 668; x_wconf 76' lang='lat' dir='ltr'>objeuivun</span> <span class='ocrx_word' id='word_1_11' title='bbox 1253 554 1360 642; x_wconf 88' lang='lat' dir='ltr'>ultra</span> <span class='ocrx_word' id='word_1_12' title='bbox 1393 577 1529 648; x_wconf 81' lang='lat' dir='ltr'>certos</span> <span class='ocrx_word' id='word_1_13' title='bbox 1562 561 1714 654; x_wconf 78' lang='lat' dir='ltr'>limites</span> 
     </span>
     <span class='ocr_line' id='line_1_3' title="bbox 558 683 1713 814; baseline -0.023 -24"><span class='ocrx_word' id='word_1_14' title='bbox 558 702 711 814; x_wconf 84' lang='lat' dir='ltr'>aperire</span> <span class='ocrx_word' id='word_1_15' title='bbox 743 713 942 804; x_wconf 82' lang='lat' dir='ltr'>nequeant</span> <span class='ocrx_word' id='word_1_16' title='bbox 974 691 1023 775; x_wconf 85' lang='lat' dir='ltr'>ad</span> <span class='ocrx_word' id='word_1_17' title='bbox 1060 686 1215 795; x_wconf 62' lang='lat' dir='ltr'>obieeta</span> <span class='ocrx_word' id='word_1_18' title='bbox 1242 683 1369 796; x_wconf 80' lang='lat' dir='ltr'>magis</span> <span class='ocrx_word' id='word_1_19' title='bbox 1402 685 1535 776; x_wconf 82' lang='lat' dir='ltr'>lucida</span> <span class='ocrx_word' id='word_1_20' title='bbox 1565 698 1713 807; x_wconf 65' lang='lat' dir='ltr'>&amp;pera</span> 
     </span>
     <span class='ocr_line' id='line_1_4' title="bbox 559 809 1717 939; baseline -0.005 -28"><span class='ocrx_word' id='word_1_21' title='bbox 559 828 694 939; x_wconf 87' lang='lat' dir='ltr'>spicua</span> <span class='ocrx_word' id='word_1_22' title='bbox 726 819 938 905; x_wconf 85' lang='lat' dir='ltr'>reddenda.</span> <span class='ocrx_word' id='word_1_23' title='bbox 992 815 1075 921; x_wconf 82' lang='lat' dir='ltr'>Qui</span> <span class='ocrx_word' id='word_1_24' title='bbox 1107 813 1252 924; x_wconf 84' lang='lat' dir='ltr'>gradus</span> <span class='ocrx_word' id='word_1_25' title='bbox 1288 810 1354 897; x_wconf 87' lang='lat' dir='ltr'>vel</span> <span class='ocrx_word' id='word_1_26' title='bbox 1381 809 1544 923; x_wconf 73' lang='lat' dir='ltr'>limites,</span> <span class='ocrx_word' id='word_1_27' title='bbox 1571 815 1717 906; x_wconf 81' lang='lat' dir='ltr'>st&#39;nou</span> 
     </span>
     <span class='ocr_line' id='line_1_5' title="bbox 559 935 1712 1063; baseline -0.029 -24"><span class='ocrx_word' id='word_1_28' title='bbox 559 951 685 1063; x_wconf 84' lang='lat' dir='ltr'>probe</span> <span class='ocrx_word' id='word_1_29' title='bbox 701 946 974 1047; x_wconf 78' lang='lat' dir='ltr'>observentur,</span> <span class='ocrx_word' id='word_1_30' title='bbox 1000 935 1383 1053; x_wconf 27' lang='lat' dir='ltr'>objeiimlcoloribus</span> <span class='ocrx_word' id='word_1_31' title='bbox 1408 939 1594 1026; x_wconf 86' lang='lat' dir='ltr'>involuta</span> <span class='ocrx_word' id='word_1_32' title='bbox 1622 944 1712 1028; x_wconf 86' lang='lat' dir='ltr'>red.</span> 
     </span>
     <span class='ocr_line' id='line_1_6' title="bbox 560 1059 1713 1179; baseline -0.011 -18"><span class='ocrx_word' id='word_1_33' title='bbox 560 1079 721 1179; x_wconf 84' lang='lat' dir='ltr'>dentur,</span> <span class='ocrx_word' id='word_1_34' title='bbox 752 1070 937 1159; x_wconf 82' lang='lat' dir='ltr'>&amp;multo</span> <span class='ocrx_word' id='word_1_35' title='bbox 962 1067 1094 1151; x_wconf 86' lang='lat' dir='ltr'>minus</span> <span class='ocrx_word' id='word_1_36' title='bbox 1128 1059 1334 1170; x_wconf 64' lang='lat' dir='ltr'>distinffa,</span> <span class='ocrx_word' id='word_1_37' title='bbox 1350 1060 1474 1172; x_wconf 81' lang='lat' dir='ltr'>quam</span> <span class='ocrx_word' id='word_1_38' title='bbox 1492 1065 1526 1148; x_wconf 70' lang='grc' dir='ltr'>[ι’</span> <span class='ocrx_word' id='word_1_39' title='bbox 1551 1065 1617 1152; x_wconf 84' lang='lat' dir='ltr'>vel</span> <span class='ocrx_word' id='word_1_40' title='bbox 1635 1064 1713 1151; x_wconf 89' lang='lat' dir='ltr'>mi·</span> 
     </span>
     <span class='ocr_line' id='line_1_7' title="bbox 563 1188 1714 1302; baseline -0.012 -12"><span class='ocrx_word' id='word_1_41' title='bbox 563 1232 664 1290; x_wconf 89' lang='lat' dir='ltr'>nora</span> <span class='ocrx_word' id='word_1_42' title='bbox 702 1214 974 1300; x_wconf 82' lang='lat' dir='ltr'>cernerentur,</span> <span class='ocrx_word' id='word_1_43' title='bbox 1003 1218 1080 1302; x_wconf 86' lang='lat' dir='ltr'>ope</span> <span class='ocrx_word' id='word_1_44' title='bbox 1121 1189 1217 1276; x_wconf 89' lang='lat' dir='ltr'>vitri</span> <span class='ocrx_word' id='word_1_45' title='bbox 1251 1188 1422 1274; x_wconf 88' lang='lat' dir='ltr'>ocularis</span> <span class='ocrx_word' id='word_1_46' title='bbox 1455 1192 1588 1277; x_wconf 88' lang='lat' dir='ltr'>minus</span> <span class='ocrx_word' id='word_1_47' title='bbox 1617 1220 1714 1277; x_wconf 92' lang='lat' dir='ltr'>con-</span> 
     </span>
     <span class='ocr_line' id='line_1_8' title="bbox 559 1310 1712 1435; baseline -0.009 -22"><span class='ocrx_word' id='word_1_48' title='bbox 559 1331 669 1435; x_wconf 86' lang='lat' dir='ltr'>vexi,</span> <span class='ocrx_word' id='word_1_49' title='bbox 696 1325 762 1410; x_wconf 83' lang='lat' dir='ltr'>vel</span> <span class='ocrx_word' id='word_1_50' title='bbox 789 1325 922 1407; x_wconf 86' lang='lat' dir='ltr'>minus</span> <span class='ocrx_word' id='word_1_51' title='bbox 945 1319 1075 1406; x_wconf 87' lang='lat' dir='ltr'>lucida</span> <span class='ocrx_word' id='word_1_52' title='bbox 1095 1310 1296 1402; x_wconf 78' lang='lat' dir='ltr'>diminuti</span> <span class='ocrx_word' id='word_1_53' title='bbox 1313 1314 1519 1426; x_wconf 86' lang='lat' dir='ltr'>perspicilli</span> <span class='ocrx_word' id='word_1_54' title='bbox 1552 1340 1712 1429; x_wconf 87' lang='lat' dir='ltr'>apertu·</span> 
     </span>
     <span class='ocr_line' id='line_1_9' title="bbox 559 1435 1760 1558; baseline -0.013 -19"><span class='ocrx_word' id='word_1_55' title='bbox 559 1459 617 1543; x_wconf 66' lang='lat' dir='ltr'>ri.</span> <span class='ocrx_word' id='word_1_56' title='bbox 672 1455 776 1558; x_wconf 74' lang='lat' dir='ltr'>lam,</span> <span class='ocrx_word' id='word_1_57' title='bbox 803 1476 897 1536; x_wconf 87' lang='lat' dir='ltr'>cum</span> <span class='ocrx_word' id='word_1_58' title='bbox 918 1445 996 1532; x_wconf 77' lang='lat' dir='ltr'>ista</span> <span class='ocrx_word' id='word_1_59' title='bbox 1011 1439 1275 1556; x_wconf 70' lang='lat' dir='ltr'>perfeffiones</span> <span class='ocrx_word' id='word_1_60' title='bbox 1289 1440 1595 1552; x_wconf 79' lang='lat' dir='ltr'>praeeipuaefint,</span> <span class='ocrx_word' id='word_1_61' title='bbox 1621 1471 1710 1555; x_wconf 81' lang='lat' dir='ltr'>quaa</span> <span class='ocrx_word' id='word_1_62' title='bbox 1756 1435 1760 1441; x_wconf 65' lang='grc'><em>’</em></span> 
     </span>
     <span class='ocr_line' id='line_1_10' title="bbox 560 1567 1709 1691; baseline -0.01 -25"><span class='ocrx_word' id='word_1_63' title='bbox 560 1583 604 1668; x_wconf 89' lang='lat' dir='ltr'>in</span> <span class='ocrx_word' id='word_1_64' title='bbox 635 1578 862 1691; x_wconf 86' lang='lat' dir='ltr'>perspirillis</span> <span class='ocrx_word' id='word_1_65' title='bbox 877 1573 1175 1678; x_wconf 71' lang='lat' dir='ltr'>desiderantur,</span> <span class='ocrx_word' id='word_1_66' title='bbox 1195 1590 1340 1679; x_wconf 83' lang='lat' dir='ltr'>nempe</span> <span class='ocrx_word' id='word_1_67' title='bbox 1374 1591 1421 1654; x_wconf 92' lang='lat' dir='ltr'>ut</span> <span class='ocrx_word' id='word_1_68' title='bbox 1440 1567 1594 1675; x_wconf 71' lang='lat' dir='ltr'>objebia</span> <span class='ocrx_word' id='word_1_69' title='bbox 1626 1596 1709 1654; x_wconf 88' lang='lat' dir='ltr'>ma·</span> 
     </span>
     <span class='ocr_line' id='line_1_11' title="bbox 558 1694 1712 1818; baseline -0.009 -28"><span class='ocrx_word' id='word_1_70' title='bbox 558 1707 621 1818; x_wconf 83' lang='lat' dir='ltr'>gis</span> <span class='ocrx_word' id='word_1_71' title='bbox 638 1705 844 1812; x_wconf 86' lang='lat' dir='ltr'>amplient,</span> <span class='ocrx_word' id='word_1_72' title='bbox 878 1702 918 1785; x_wconf 90' lang='lat'>&amp;</span> <span class='ocrx_word' id='word_1_73' title='bbox 947 1696 1114 1786; x_wconf 81' lang='lat' dir='ltr'>reddant</span> <span class='ocrx_word' id='word_1_74' title='bbox 1132 1696 1352 1782; x_wconf 87' lang='lat' dir='ltr'>lucidiora:</span> <span class='ocrx_word' id='word_1_75' title='bbox 1379 1721 1507 1803; x_wconf 84' lang='lat' dir='ltr'>operae</span> <span class='ocrx_word' id='word_1_76' title='bbox 1535 1694 1712 1803; x_wconf 86' lang='lat' dir='ltr'>pretium</span> 
     </span>
     <span class='ocr_line' id='line_1_12' title="bbox 559 1815 1715 1931; baseline -0.012 -13"><span class='ocrx_word' id='word_1_77' title='bbox 559 1832 722 1918; x_wconf 86' lang='lat' dir='ltr'>viderur</span> <span class='ocrx_word' id='word_1_78' title='bbox 749 1829 790 1912; x_wconf 90' lang='lat' dir='ltr'>in</span> <span class='ocrx_word' id='word_1_79' title='bbox 822 1848 1007 1912; x_wconf 87' lang='lat' dir='ltr'>naturam</span> <span class='ocrx_word' id='word_1_80' title='bbox 1024 1821 1209 1911; x_wconf 88' lang='lat' dir='ltr'>colorum</span> <span class='ocrx_word' id='word_1_81' title='bbox 1227 1819 1445 1931; x_wconf 87' lang='lat' dir='ltr'>inquirere,</span> <span class='ocrx_word' id='word_1_82' title='bbox 1472 1838 1519 1904; x_wconf 88' lang='lat' dir='ltr'>ut</span> <span class='ocrx_word' id='word_1_83' title='bbox 1556 1815 1715 1905; x_wconf 84' lang='lat' dir='ltr'>investi·</span> 
     </span>
     <span class='ocr_line' id='line_1_13' title="bbox 560 1946 1714 2071; baseline -0.011 -28"><span class='ocrx_word' id='word_1_84' title='bbox 560 1982 700 2071; x_wconf 82' lang='lat' dir='ltr'>gemus</span> <span class='ocrx_word' id='word_1_85' title='bbox 721 1956 881 2040; x_wconf 87' lang='lat' dir='ltr'>tandem</span> <span class='ocrx_word' id='word_1_86' title='bbox 899 1951 998 2065; x_wconf 90' lang='lat' dir='ltr'>quid</span> <span class='ocrx_word' id='word_1_87' title='bbox 1016 1951 1059 2035; x_wconf 91' lang='lat' dir='ltr'>in</span> <span class='ocrx_word' id='word_1_88' title='bbox 1089 1946 1204 2033; x_wconf 76' lang='lat' dir='ltr'>causa</span> <span class='ocrx_word' id='word_1_89' title='bbox 1237 1949 1296 2052; x_wconf 86' lang='lat' dir='ltr'>fit,</span> <span class='ocrx_word' id='word_1_90' title='bbox 1325 1948 1438 2056; x_wconf 82' lang='lat' dir='ltr'>quod</span> <span class='ocrx_word' id='word_1_91' title='bbox 1465 1947 1522 2029; x_wconf 90' lang='lat' dir='ltr'>ita</span> <span class='ocrx_word' id='word_1_92' title='bbox 1552 1972 1714 2057; x_wconf 87' lang='lat' dir='ltr'>appare·</span> 
     </span>
     <span class='ocr_line' id='line_1_14' title="bbox 557 2071 1712 2191; baseline -0.018 -17"><span class='ocrx_word' id='word_1_93' title='bbox 557 2107 643 2191; x_wconf 77' lang='lat' dir='ltr'>ant,</span> <span class='ocrx_word' id='word_1_94' title='bbox 671 2080 885 2189; x_wconf 68' lang='lat' dir='ltr'>&amp;obiebia</span> <span class='ocrx_word' id='word_1_95' title='bbox 905 2079 1073 2163; x_wconf 68' lang='lat' dir='ltr'>roddant</span> <span class='ocrx_word' id='word_1_96' title='bbox 1100 2072 1356 2177; x_wconf 73' lang='lat' dir='ltr'>indistintra3</span> <span class='ocrx_word' id='word_1_97' title='bbox 1382 2071 1500 2176; x_wconf 71' lang='lat' dir='ltr'>iuius</span> <span class='ocrx_word' id='word_1_98' title='bbox 1524 2075 1632 2155; x_wconf 86' lang='lat' dir='ltr'>enim</span> <span class='ocrx_word' id='word_1_99' title='bbox 1648 2075 1712 2181; x_wconf 83' lang='lat' dir='ltr'>ig·</span> 
     </span>
     <span class='ocr_line' id='line_1_15' title="bbox 557 2195 1712 2318; baseline -0.02 -16"><span class='ocrx_word' id='word_1_100' title='bbox 557 2211 742 2301; x_wconf 81' lang='lat' dir='ltr'>notantia</span> <span class='ocrx_word' id='word_1_101' title='bbox 771 2233 893 2318; x_wconf 89' lang='lat' dir='ltr'>quam</span> <span class='ocrx_word' id='word_1_102' title='bbox 934 2202 1132 2313; x_wconf 86' lang='lat' dir='ltr'>plurimos</span> <span class='ocrx_word' id='word_1_103' title='bbox 1179 2197 1315 2282; x_wconf 88' lang='lat' dir='ltr'>labore</span> <span class='ocrx_word' id='word_1_104' title='bbox 1346 2222 1438 2295; x_wconf 71' lang='lat' dir='ltr'>pou</span> <span class='ocrx_word' id='word_1_105' title='bbox 1472 2195 1621 2306; x_wconf 71' lang='lat' dir='ltr'>exiguo</span> <span class='ocrx_word' id='word_1_106' title='bbox 1645 2197 1712 2283; x_wconf 87' lang='lat' dir='ltr'>sed</span> 
     </span>
     <span class='ocr_line' id='line_1_16' title="bbox 557 2316 1711 2441; baseline -0.016 -10"><span class='ocrx_word' id='word_1_107' title='bbox 557 2344 668 2430; x_wconf 88' lang='lat' dir='ltr'>inani</span> <span class='ocrx_word' id='word_1_108' title='bbox 684 2362 817 2425; x_wconf 89' lang='lat' dir='ltr'>tamen</span> <span class='ocrx_word' id='word_1_109' title='bbox 842 2332 1039 2441; x_wconf 61' lang='lat' dir='ltr'>&#39;exercuiu</span> <span class='ocrx_word' id='word_1_110' title='bbox 1061 2332 1160 2415; x_wconf 89' lang='lat' dir='ltr'>dum</span> <span class='ocrx_word' id='word_1_111' title='bbox 1183 2316 1528 2434; x_wconf 71' lang='lat' dir='ltr'>imperfebiionem</span> <span class='ocrx_word' id='word_1_112' title='bbox 1545 2322 1711 2413; x_wconf 83' lang='lat' dir='ltr'>teiesco·</span> 
     </span>
     <span class='ocr_line' id='line_1_17' title="bbox 557 2447 1714 2580; baseline -0.014 -26"><span class='ocrx_word' id='word_1_113' title='bbox 557 2469 765 2580; x_wconf 84' lang='lat' dir='ltr'>pioruma</span> <span class='ocrx_word' id='word_1_114' title='bbox 793 2459 945 2549; x_wconf 87' lang='lat' dir='ltr'>vitiosrs</span> <span class='ocrx_word' id='word_1_115' title='bbox 964 2459 1167 2545; x_wconf 86' lang='lat' dir='ltr'>vitrorum</span> <span class='ocrx_word' id='word_1_116' title='bbox 1195 2450 1334 2564; x_wconf 78' lang='lat' dir='ltr'>figuris</span> <span class='ocrx_word' id='word_1_117' title='bbox 1365 2473 1497 2538; x_wconf 88' lang='lat' dir='ltr'>ortam</span> <span class='ocrx_word' id='word_1_118' title='bbox 1526 2447 1601 2537; x_wconf 83' lang='lat' dir='ltr'>effe</span> <span class='ocrx_word' id='word_1_119' title='bbox 1627 2480 1714 2539; x_wconf 87' lang='lat' dir='ltr'>cre·</span> 
     </span>
     <span class='ocr_line' id='line_1_18' title="bbox 559 2576 1715 2698; baseline -0.016 -15"><span class='ocrx_word' id='word_1_120' title='bbox 559 2595 713 2698; x_wconf 86' lang='lat' dir='ltr'>dentes,</span> <span class='ocrx_word' id='word_1_121' title='bbox 739 2591 782 2678; x_wconf 90' lang='lat' dir='ltr'>in</span> <span class='ocrx_word' id='word_1_122' title='bbox 805 2589 886 2675; x_wconf 83' lang='lat' dir='ltr'>istis</span> <span class='ocrx_word' id='word_1_123' title='bbox 902 2582 1060 2672; x_wconf 88' lang='lat' dir='ltr'>meliori</span> <span class='ocrx_word' id='word_1_124' title='bbox 1080 2582 1211 2696; x_wconf 54' lang='lat' dir='ltr'>figur&amp;</span> <span class='ocrx_word' id='word_1_125' title='bbox 1228 2576 1498 2690; x_wconf 84' lang='lat' dir='ltr'>perpoliendis</span> <span class='ocrx_word' id='word_1_126' title='bbox 1515 2599 1715 2665; x_wconf 84' lang='lat' dir='ltr'>navaruut</span> 
     </span>
     <span class='ocr_line' id='line_1_19' title="bbox 557 2702 1713 2832; baseline -0.018 -24"><span class='ocrx_word' id='word_1_127' title='bbox 557 2738 737 2832; x_wconf 83' lang='lat' dir='ltr'>operam.</span> <span class='ocrx_word' id='word_1_128' title='bbox 791 2723 863 2821; x_wconf 81' lang='lat' dir='ltr'>At,</span> <span class='ocrx_word' id='word_1_129' title='bbox 891 2708 920 2794; x_wconf 84' lang='lat' dir='ltr'>sr</span> <span class='ocrx_word' id='word_1_130' title='bbox 953 2706 1109 2796; x_wconf 81' lang='lat' dir='ltr'>oausam</span> <span class='ocrx_word' id='word_1_131' title='bbox 1130 2708 1280 2792; x_wconf 85' lang='lat' dir='ltr'>horum</span> <span class='ocrx_word' id='word_1_132' title='bbox 1305 2702 1490 2791; x_wconf 82' lang='lat' dir='ltr'>colorum</span> <span class='ocrx_word' id='word_1_133' title='bbox 1525 2702 1616 2788; x_wconf 87' lang='lat' dir='ltr'>satis</span> <span class='ocrx_word' id='word_1_134' title='bbox 1645 2731 1713 2788; x_wconf 85' lang='lat' dir='ltr'>ex·</span> 
     </span>
     <span class='ocr_line' id='line_1_20' title="bbox 553 2825 1715 2959; baseline -0.019 -27"><span class='ocrx_word' id='word_1_135' title='bbox 553 2849 754 2959; x_wconf 77' lang='lat' dir='ltr'>ploratam</span> <span class='ocrx_word' id='word_1_136' title='bbox 771 2832 1007 2940; x_wconf 82' lang='lat' dir='ltr'>habuissent,</span> <span class='ocrx_word' id='word_1_137' title='bbox 1038 2833 1152 2921; x_wconf 75' lang='lat' dir='ltr'>unm</span> <span class='ocrx_word' id='word_1_138' title='bbox 1171 2825 1406 2921; x_wconf 80' lang='lat' dir='ltr'>innotuiffet</span> <span class='ocrx_word' id='word_1_139' title='bbox 1429 2827 1631 2937; x_wconf 78' lang='lat' dir='ltr'>inaequalis</span> <span class='ocrx_word' id='word_1_140' title='bbox 1655 2828 1715 2915; x_wconf 91' lang='lat' dir='ltr'>di·</span> 
     </span>
     <span class='ocr_line' id='line_1_21' title="bbox 556 2942 1714 3073; baseline -0.016 -14"><span class='ocrx_word' id='word_1_141' title='bbox 556 2976 764 3061; x_wconf 82' lang='lat' dir='ltr'>versorum</span> <span class='ocrx_word' id='word_1_142' title='bbox 795 2971 998 3055; x_wconf 85' lang='lat' dir='ltr'>radiorum</span> <span class='ocrx_word' id='word_1_143' title='bbox 1023 2958 1344 3073; x_wconf 78' lang='lat' dir='ltr'>refrangibiiitas,</span> <span class='ocrx_word' id='word_1_144' title='bbox 1369 2961 1410 3043; x_wconf 76' lang='lat'>81</span> <span class='ocrx_word' id='word_1_145' title='bbox 1427 2956 1521 3040; x_wconf 88' lang='lat' dir='ltr'>inde</span> <span class='ocrx_word' id='word_1_146' title='bbox 1535 2942 1636 3040; x_wconf 62' lang='lat' dir='ltr'>iitia</span> <span class='ocrx_word' id='word_1_147' title='bbox 1655 2976 1714 3041; x_wconf 87' lang='lat' dir='ltr'>te·</span> 
     </span>
     <span class='ocr_line' id='line_1_22' title="bbox 555 3081 1717 3215; baseline -0.015 -28"><span class='ocrx_word' id='word_1_148' title='bbox 555 3100 819 3215; x_wconf 72' lang='lat' dir='ltr'>lestopiorum</span> <span class='ocrx_word' id='word_1_149' title='bbox 852 3125 935 3184; x_wconf 91' lang='lat' dir='ltr'>non</span> <span class='ocrx_word' id='word_1_150' title='bbox 965 3092 1015 3181; x_wconf 80' lang='lat' dir='ltr'>ab</span> <span class='ocrx_word' id='word_1_151' title='bbox 1049 3088 1320 3203; x_wconf 87' lang='lat' dir='ltr'>ineptitudine</span> <span class='ocrx_word' id='word_1_152' title='bbox 1351 3081 1489 3196; x_wconf 78' lang='lat' dir='ltr'>figura</span> <span class='ocrx_word' id='word_1_153' title='bbox 1523 3082 1717 3193; x_wconf 77' lang='lat' dir='ltr'>sphaericae</span> 
     </span>
     <span class='ocr_line' id='line_1_23' title="bbox 557 3209 1712 3331; baseline -0.018 -15"><span class='ocrx_word' id='word_1_154' title='bbox 557 3231 608 3316; x_wconf 85' lang='lat' dir='ltr'>ud</span> <span class='ocrx_word' id='word_1_155' title='bbox 641 3226 896 3315; x_wconf 77' lang='lat' dir='ltr'>refraffiones</span> <span class='ocrx_word' id='word_1_156' title='bbox 931 3224 1007 3309; x_wconf 90' lang='lat' dir='ltr'>rite</span> <span class='ocrx_word' id='word_1_157' title='bbox 1035 3216 1285 3331; x_wconf 77' lang='lat' dir='ltr'>peragendos</span> <span class='ocrx_word' id='word_1_158' title='bbox 1330 3209 1533 3322; x_wconf 83' lang='lat' dir='ltr'>originem</span> <span class='ocrx_word' id='word_1_159' title='bbox 1567 3213 1712 3295; x_wconf 90' lang='lat' dir='ltr'>ducere</span> 
     </span>
     <span class='ocr_line' id='line_1_24' title="bbox 555 3331 1709 3462; baseline -0.022 -21"><span class='ocrx_word' id='word_1_160' title='bbox 555 3349 798 3441; x_wconf 72' lang='lat' dir='ltr'>constitisset.</span> <span class='ocrx_word' id='word_1_161' title='bbox 855 3349 1064 3462; x_wconf 78' lang='lat' dir='ltr'>Qrobene</span> <span class='ocrx_word' id='word_1_162' title='bbox 1080 3338 1300 3443; x_wconf 71' lang='lat' dir='ltr'>inteilebio,</span> <span class='ocrx_word' id='word_1_163' title='bbox 1314 3331 1709 3439; x_wconf 64' lang='lat' dir='ltr'>eontrusIuospro·</span> 
     </span>
     <span class='ocr_line' id='line_1_25' title="bbox 555 3453 1708 3582; baseline -0.019 -15"><span class='ocrx_word' id='word_1_164' title='bbox 555 3479 622 3567; x_wconf 86' lang='lat' dir='ltr'>cul</span> <span class='ocrx_word' id='word_1_165' title='bbox 661 3480 788 3565; x_wconf 87' lang='lat' dir='ltr'>dubio</span> <span class='ocrx_word' id='word_1_166' title='bbox 826 3473 1050 3582; x_wconf 80' lang='lat' dir='ltr'>mutaffent,</span> <span class='ocrx_word' id='word_1_167' title='bbox 1067 3476 1116 3558; x_wconf 73' lang='lat' dir='ltr'>br</span> <span class='ocrx_word' id='word_1_168' title='bbox 1147 3463 1351 3551; x_wconf 83' lang='lat' dir='ltr'>laboribus</span> <span class='ocrx_word' id='word_1_169' title='bbox 1377 3453 1708 3545; x_wconf 68' lang='lat' dir='ltr'>istisioeundum</span> 
     </span>
     <span class='ocr_line' id='line_1_26' title="bbox 557 3580 1710 3712; baseline -0.022 -23"><span class='ocrx_word' id='word_1_170' title='bbox 557 3604 675 3691; x_wconf 75' lang='lat' dir='ltr'>aliurn</span> <span class='ocrx_word' id='word_1_171' title='bbox 714 3608 955 3692; x_wconf 85' lang='lat' dir='ltr'>methodum</span> <span class='ocrx_word' id='word_1_172' title='bbox 988 3594 1195 3712; x_wconf 73' lang='lat' dir='ltr'>dispositis,</span> <span class='ocrx_word' id='word_1_173' title='bbox 1237 3585 1415 3699; x_wconf 80' lang='lat' dir='ltr'>opticam</span> <span class='ocrx_word' id='word_1_174' title='bbox 1460 3580 1502 3667; x_wconf 89' lang='lat' dir='ltr'>in</span> <span class='ocrx_word' id='word_1_175' title='bbox 1521 3582 1710 3693; x_wconf 78' lang='lat' dir='ltr'>&#39;gradum</span> 
     </span>
     <span class='ocr_line' id='line_1_27' title="bbox 553 3709 1663 3846; baseline -0.02 -29"><span class='ocrx_word' id='word_1_176' title='bbox 553 3732 685 3819; x_wconf 76' lang='lat' dir='ltr'>multo</span> <span class='ocrx_word' id='word_1_177' title='bbox 706 3731 984 3846; x_wconf 74' lang='lat' dir='ltr'>perfeffiorem</span> <span class='ocrx_word' id='word_1_178' title='bbox 999 3729 1079 3840; x_wconf 79' lang='lat' dir='ltr'>jum</span> <span class='ocrx_word' id='word_1_179' title='bbox 1100 3737 1334 3839; x_wconf 84' lang='lat' dir='ltr'>promotam</span> <span class='ocrx_word' id='word_1_180' title='bbox 1346 3709 1605 3799; x_wconf 45' lang='lat' dir='ltr'>haberent&amp;</span> <span class='ocrx_word' id='word_1_181' title='bbox 1659 3740 1663 3747; x_wconf 80' lang='grc'>’</span> 
     </span>
    </p>
   </div>
   <div class='ocr_carea' id='block_1_3' title="bbox 590 3964 1709 4100">
    <p class='ocr_par' dir='ltr' id='par_1_3' title="bbox 590 3964 1709 4100">
     <span class='ocr_line' id='line_1_28' title="bbox 590 3964 1709 4100; baseline -0.026 -15"><span class='ocrx_word' id='word_1_182' title='bbox 590 3992 683 4100; x_wconf 69' lang='lat' dir='ltr'>Qu</span> <span class='ocrx_word' id='word_1_183' title='bbox 698 4022 713 4074; x_wconf 93' lang='lat'>1</span> <span class='ocrx_word' id='word_1_184' title='bbox 734 3989 783 4073; x_wconf 86' lang='lat' dir='ltr'>de</span> <span class='ocrx_word' id='word_1_185' title='bbox 796 3986 1003 4076; x_wconf 71' lang='lat' dir='ltr'>coloribus</span> <span class='ocrx_word' id='word_1_186' title='bbox 1022 3980 1227 4094; x_wconf 82' lang='lat' dir='ltr'>hucusque</span> <span class='ocrx_word' id='word_1_187' title='bbox 1245 3970 1475 4078; x_wconf 73' lang='lat' dir='ltr'>difforuer&#39;e,</span> <span class='ocrx_word' id='word_1_188' title='bbox 1491 3964 1558 4057; x_wconf 78' lang='lat' dir='ltr'>vel</span> <span class='ocrx_word' id='word_1_189' title='bbox 1576 3965 1709 4056; x_wconf 56' lang='lat' dir='ltr'>iduu-⁴</span> 
     </span>
    </p>
   </div>
   <div class='ocr_carea' id='block_1_4' title="bbox 550 4094 1714 4308">
    <p class='ocr_par' dir='ltr' id='par_1_4' title="bbox 550 4094 1714 4308">
     <span class='ocr_line' id='line_1_29' title="bbox 550 4094 1709 4226; baseline -0.034 -11"><span class='ocrx_word' id='word_1_190' title='bbox 550 4120 658 4214; x_wconf 78' lang='lat' dir='ltr'>nine</span> <span class='ocrx_word' id='word_1_191' title='bbox 675 4138 794 4207; x_wconf 88' lang='lat' dir='ltr'>tenus</span> <span class='ocrx_word' id='word_1_192' title='bbox 813 4113 1009 4225; x_wconf 84' lang='lat' dir='ltr'>fecerunt,</span> <span class='ocrx_word' id='word_1_193' title='bbox 1030 4137 1082 4207; x_wconf 87' lang='lat' dir='ltr'>ot</span> <span class='ocrx_word' id='word_1_194' title='bbox 1099 4105 1390 4226; x_wconf 70' lang='lat' dir='ltr'>Peripatetici,</span> <span class='ocrx_word' id='word_1_195' title='bbox 1411 4094 1480 4189; x_wconf 83' lang='lat' dir='ltr'>vel</span> <span class='ocrx_word' id='word_1_196' title='bbox 1494 4096 1538 4185; x_wconf 86' lang='lat' dir='ltr'>in</span> <span class='ocrx_word' id='word_1_197' title='bbox 1563 4120 1709 4180; x_wconf 82' lang='lat' dir='ltr'>eornm</span> 
     </span>
     <span class='ocr_line' id='line_1_30' title="bbox 1524 4233 1714 4308; baseline -0.016 1"><span class='ocrx_word' id='word_1_198' title='bbox 1524 4233 1714 4308; x_wconf 76' lang='lat' dir='ltr'>naturam</span> 
     </span>
    </p>
   </div>
   <div class='ocr_carea' id='block_1_5' title="bbox 0 0 2044 5250">
    <p class='ocr_par' dir='ltr' id='par_1_5' title="bbox 0 0 2044 5250">
     <span class='ocr_line' id='line_1_31' title="bbox 0 0 2044 5250; baseline 0 1"><span class='ocrx_word' id='word_1_199' title='bbox 0 0 2044 5250; x_wconf 95' lang='lat' dir='ltr'> </span> 
     </span>
    </p>
   </div>
  </div>
 </body>
</html>
