4028 5252
535 400 607 519 34
709 374 1100 475 Ranronun
1138 362 1453 471 Drvtnsr
1528 370 1703 486 Pati.

536 613 642 681 mate
657 589 858 697 intuearis,
883 589 969 697 ejus
988 584 1111 672 etiam
1126 583 1263 697 imago
1278 579 1549 695 conspicietur
1565 590 1708 710 longa.

535 730 610 832 At,
637 750 728 809 cum
756 720 856 804 radii
873 716 1073 804 stellarum
1088 739 1163 825 pro
1184 712 1376 824 parallelis
1401 711 1642 834 habeantur,
1669 728 1701 816 fi

537 876 676 934 omnes
697 873 809 959 aeque
832 841 1159 957 refringerentur,
1193 859 1400 925 manerent
1423 843 1547 933 etiam
1573 858 1701 958 paral.

537 975 618 1083 leli,
646 975 857 1086 postquam
892 970 1155 1082 egrediuntur
1184 967 1425 1077 eprismate,
1461 973 1699 1069 &oculum

538 1101 589 1187 sic
620 1100 782 1212 ingredi
823 1094 1029 1186 efficerent
1065 1094 1281 1206 imaginem
1318 1096 1491 1181 omnino
1531 1101 1699 1196 similem

539 1228 667 1337 stella,
705 1231 769 1316 vel
813 1226 966 1340 puncto
1003 1225 1152 1332 lurido,
1189 1221 1418 1308 nullatenus
1451 1226 1702 1345 oblongam

540 1357 704 1464 perinde
722 1377 767 1440 ut
781 1354 841 1461 lit,
869 1382 964 1440 cum
980 1351 1087 1437 stella
1101 1347 1308 1461 parallelos
1323 1349 1455 1435 radios
1475 1352 1516 1435 in
1534 1357 1700 1447 oculum

539 1482 690 1571 direble
720 1485 862 1572 mittit.
917 1480 1087 1569 Videbis
1116 1480 1264 1592 itaque,
1306 1479 1421 1590 quod
1450 1481 1549 1566 radii
1571 1486 1700 1594 paral·

540 1608 622 1718 leli,
663 1612 942 1723 superficiebus
970 1610 1098 1717 planis
1125 1606 1298 1712 refudi,
1344 1603 1447 1691 fiunt
1492 1609 1698 1725 inclinati3

541 1738 649 1822 unde
667 1733 813 1823 necesse
828 1736 897 1842 esl,
924 1758 970 1819 ut
991 1733 1222 1845 inequalem
1249 1729 1527 1819 refractionem
1544 1740 1696 1847 patian-

541 1879 621 1944 tur.
678 1859 725 1941 In
752 1860 918 1943 transrtu
954 1876 1090 1942 autem
1123 1877 1303 1965 notetur,
1328 1858 1440 1966 quod
1469 1860 1699 1974 telescopio,

544 1984 750 2095 siplaceat,
778 1985 953 2095 primum
973 1983 1172 2091 adhibito,
1199 2006 1290 2068 turn
1317 2005 1366 2069 ut
1387 1985 1503 2096 copia
1531 1985 1630 2075 lucis
1644 1992 1697 2077 ad

543 2109 708 2193 oculum
727 2108 1032 2216 transmittatur,
1059 2129 1148 2195 tum
1176 2132 1223 2195 ut
1246 2107 1487 2217 scintillatio,
1514 2112 1697 2224 quadra

542 2233 669 2319 solent
699 2235 811 2348 quasi
845 2233 995 2353 coronal
1029 2237 1153 2349 cingi,
1179 2236 1398 2346 minuatur,
1438 2240 1477 2325 br
1511 2240 1694 2349 prismate

401 2440 404 2445 Α
541 2360 726 2471 deinceps
768 2359 1019 2472 interposito,
1065 2359 1220 2449 videbis
1262 2361 1503 2449 albicantem
1550 2361 1695 2451 lineam

542 2484 830 2573 distinsliorem
863 2515 988 2604 quam
1006 2487 1130 2599 prius,
1167 2516 1262 2574 cum
1291 2486 1502 2574 latitudine
1528 2489 1599 2575 uix
1625 2511 1697 2576 aut

541 2644 593 2701 ne
607 2617 677 2703 vix
695 2617 861 2730 quidem
875 2618 1104 2731 conspicusl.
1160 2619 1237 2707 His
1256 2619 1391 2732 paucis
1409 2618 1461 2704 de
1494 2618 1699 2706 radiorum

540 2744 695 2836 diversl
713 2746 1039 2863 refrangibilitate
1062 2752 1242 2859 narratis,
1266 2775 1445 2863 quorum
1472 2745 1601 2835 sensus
1616 2747 1702 2854 ple·

539 2870 633 2971 nior
668 2875 709 2954 in
742 2879 1010 2979 sequentibus,
1037 2878 1107 2954 ubi
1133 2879 1185 2953 de
1213 2874 1417 2952 coloribus
1440 2871 1587 2969 agitur,
1612 2871 1699 2951 clu·

541 2991 691 3088 cescet;
714 2992 844 3097 restat,
872 3013 918 3075 ut
937 2989 1224 3077 sebastionum
1250 2986 1497 3099 quantitates
1521 2990 1561 3077 dr
1584 3015 1697 3077 men·

542 3116 639 3207 flua
655 3114 735 3222 jam
754 3115 1087 3203 determinentur.
