4028 5252
180 356 186 365 ⁵
308 377 504 491 seut
603 370 1297 478 Ruauauorumres.
1406 399 1478 511 29

309 737 488 853 XXIII.
522 725 682 877 Qud
719 728 772 837 in
787 724 1008 838 addudis
1034 730 1359 877 experimentis
1399 778 1470 847 re-

361 896 630 1049 fraiit‘uues
666 927 756 1000 non
792 888 900 1040 casu
930 882 1064 1033 fient
1101 892 1353 1046 inequales,
1394 939 1471 1009 ne.

379 1106 466 1332 Zur
491 1057 592 1171 alit
629 1044 768 1202 causi
803 1091 946 1208 quam
982 1051 1197 1207 inaequali
1233 1052 1470 1212 resmffl.

408 1221 575 1345 iliram

367 1475 420 1555 δι
449 1470 532 1577 jam
560 1467 722 1574 obiiciat
748 1462 903 1573 aliqms,
944 1464 1056 1570 quod
1085 1465 1128 1548 in
1162 1462 1468 1559 refrailionibus

311 1599 478 1711 quidem
497 1596 615 1682 detur
631 1590 918 1704 irregularitas,
942 1588 1113 1677 sedeam
1133 1586 1208 1675 effe
1230 1595 1467 1708 contingen·

308 1750 407 1834 tem,
434 1726 474 1811 &
505 1747 591 1806 non
620 1745 672 1802 ex
695 1713 842 1827 praevii
867 1714 1075 1802 radiorum
1095 1713 1364 1827 dispositione,
1400 1723 1467 1808 vel

309 1851 401 1936 ullis
430 1847 550 1934 certis
573 1841 727 1954 legibus
746 1863 879 1926 ortam
898 1874 910 1945 ;
939 1837 1172 1950 respondeo,
1198 1845 1309 1950 quod
1327 1845 1467 1958 imago

309 1974 403 2060 solis
432 1968 601 2084 praefata,
628 1969 657 2056 Ii
685 1966 807 2053 radiis
832 1961 941 2052 nulli
955 1964 1045 2076 Iege
1063 1963 1240 2053 reirailis
1265 1967 1378 2055 fieret
1394 1972 1468 2059 ob-

306 2103 442 2217 longa,
467 2128 550 2187 nou
579 2091 708 2211 pulset
737 2095 781 2183 iu
808 2092 1076 2182 liueasreilas
1103 2095 1318 2184 secundum
1334 2097 1468 2213 longi·

305 2234 488 2319 tudinem
513 2224 624 2315 suam
658 2222 843 2312 diffinite
859 2220 1083 2332 terminari,
1111 2224 1208 2310 ficut
1231 2225 1281 2311 ad
1298 2223 1469 2336 liguram

303 2362 488 2474 quintam
510 2352 709 2441 ostensum
727 2353 797 2439 est.
851 2349 1086 2460 Quinetiam
1111 2378 1194 2436 uon
1212 2352 1381 2439 omnino
1400 2355 1470 2441 de·

304 2486 416 2573 beret
450 2479 525 2567 elle
555 2478 745 2592 oblonga,
779 2474 845 2562 sed
864 2498 976 2588 parte
1006 2479 1090 2586 ejus
1113 2478 1247 2565 medii
1274 2483 1310 2571 8<
1341 2483 1467 2592 magis

306 2606 512 2718 splendidi
539 2605 583 2689 iu
612 2632 769 2688 morem
785 2601 895 2688 orbis
925 2597 1081 2714 effingi,
1108 2603 1354 2716 lenfibilique
1384 2630 1466 2694 ter·

311 2732 432 2817 mino
467 2725 653 2835 distingui
674 2727 725 2811 ab
752 2726 914 2816 erratici
941 2730 1030 2817 luce
1069 2726 1255 2813 debiliori
1287 2757 1480 2839 quaqua·¹

308 2850 469 2946 versum
485 2851 673 2965 dispersa:
697 2851 861 2964 perinde
878 2878 926 2943 ut
946 2856 1002 2943 sol
1023 2875 1200 2969 apparet,
1221 2879 1315 2942 cum
1345 2857 1466 2946 nubi·

304 2986 380 3074 bus
413 3013 515 3097 pene
534 2979 783 3090 obscuratur,
821 2980 889 3069 vel
916 3005 964 3069 ut
990 2985 1075 3094 ejus
1105 2985 1243 3096 imago
1270 2984 1463 3094 cernitur,

303 3139 398 3198 cum
414 3109 612 3221 trajicitur
633 3137 702 3220 per
729 3107 923 3194 laminam
942 3112 1111 3200 vitream
1129 3110 1321 3222 parallelis
1336 3110 1463 3223 planis

304 3236 574 3344 terminatam,
600 3239 639 3322 8(
668 3232 798 3319 halitu
823 3233 890 3318 vel
914 3232 1032 3322 fumo
1058 3236 1209 3323 Ievitur
1230 3235 1463 3349 obtineam,

303 3387 349 3450 ut
385 3364 453 3451 lux
473 3367 578 3451 inter
595 3360 898 3470 refringendum
936 3363 1144 3473 paululum
1181 3367 1460 3452 conturbetur.

303 3488 465 3593 Adhac,
482 3489 510 3574 fi
526 3489 610 3574 duo
622 3485 807 3597 prismata
818 3483 957 3575 fimilia
970 3495 1050 3576 AB
1061 3492 1099 3576 C
1112 3493 1152 3576 8(
1166 3487 1252 3570 abc
1275 3488 1363 3602 (fig.
1379 3494 1462 3599 10.)

298 3626 410 3732 juxta
443 3636 647 3727 ponantur
680 3613 897 3700 secundum
923 3614 1195 3727 longitudines
1227 3617 1313 3705 suas
1336 3619 1462 3727 paral·

300 3739 390 3848 leia,
416 3770 510 3826 cum
522 3739 713 3826 lateribus
726 3736 901 3847 planisA
918 3745 956 3827 C
974 3748 1013 3830 8(
1030 3772 1056 3823 a
1073 3768 1108 3848 c,
1137 3747 1231 3830 ut&
1251 3746 1336 3829 BC
1352 3746 1390 3831 8<
1404 3743 1463 3826 bc

302 3866 507 3975 parallelis,
533 3864 620 3955 &fi
641 3865 697 3951 sol
716 3863 948 3954 transsuceat
964 3892 1180 3979 utrumque
1203 3868 1391 3956 inlocum
1411 3871 1461 3979 Z,

303 3986 376 4075 ubi
405 4018 548 4099 corpus
580 4020 749 4102 opacum
781 3991 862 4079 luci
886 3994 1035 4082 direiie
1061 3993 1298 4105 opponitur,
1340 3997 1461 4080 radiis

301 4135 437 4204 tamen
454 4115 537 4227 ejus
563 4143 633 4227 per
651 4119 872 4210 orbiculare
890 4119 1072 4214 foramen
1098 4127 1130 4210 F
1150 4123 1259 4232 prius
1274 4117 1463 4230 tenebis,

1045 4260 1054 4271 ·
1387 4240 1462 4332 lux
