4058 5258
596 368 698 508 236
860 300 1329 486 'Divinus
1546 372 1739 474 Patll.

590 616 639 672 ex
660 578 928 669 uniformibus
946 579 1062 666 radiis
1079 575 1292 661 constantis
1315 607 1397 663 non
1418 579 1525 689 polle
1540 611 1611 694 per
1628 587 1744 698 quas.

592 713 690 797 libet
724 706 980 793 relradliones
1010 705 1168 793 mutari.
1224 708 1424 790 Caeterum
1442 737 1525 792 non
1553 740 1656 820 opus
1675 717 1746 820 est,

594 865 640 927 ut
664 834 902 950 hypotheses
924 833 1104 936 refutem,
1130 854 1224 940 qua·
1239 861 1289 917 ex
1313 834 1478 919 invent
1495 839 1657 922 tandem
1676 867 1746 923 ve.

595 970 712 1051 ritate
730 961 797 1046 sut
813 961 951 1072 sponte
965 979 1170 1046 corruent.

534 1204 543 1231 ⁸
648 1223 972 1303 Purrnoumsrs
997 1215 1074 1320 jam
1093 1234 1183 1298 ante
1201 1211 1406 1323 explicatis
1422 1208 1559 1297 affinia
1578 1217 1669 1301 sunt
1692 1217 1747 1303 se·

593 1340 773 1455 quentia,
800 1368 889 1453 quae
903 1342 1006 1427 circa
1024 1338 1357 1448 compositionem
1376 1337 1568 1423 albedinis
1594 1342 1746 1427 versan-

597 1491 677 1553 tur.
731 1465 921 1551 Prilmata
947 1467 1030 1550 duo
1049 1474 1087 1552 Α
1106 1466 1196 1549 BC
1221 1465 1258 1549 u
1285 1461 1349 1544 ab
1366 1488 1401 1571 c,
1427 1461 1518 1574 (fig.
1536 1467 1623 1572 35.)
1646 1493 1749 1577 quo-

597 1626 688 1682 rum
718 1595 855 1700 anguli
872 1594 1080 1681 verticales
1102 1602 1140 1680 A
1155 1595 1194 1678 C
1210 1591 1244 1671 B
1268 1595 1305 1680 8<
1330 1618 1358 1673 a
1373 1618 1396 1672 c
1412 1589 1437 1672 b
1460 1615 1678 1705 aequentur,
1693 1593 1749 1676 ita

596 1724 790 1834 parallelis
805 1722 945 1808 axibus
961 1719 1145 1833 dispone,
1172 1742 1218 1805 ut
1237 1719 1398 1805 alterius
1423 1719 1529 1804 linea
1553 1720 1749 1805 verticalis

597 1853 636 1933 C
655 1850 788 1937 cumb
808 1850 1064 1935 extremitate
1079 1849 1177 1935 basis
1195 1846 1357 1933 alterius
1380 1851 1609 1964 conveniat,
1624 1847 1751 1959 planis

595 1974 632 2051 Β
652 1976 690 2055 C
709 1973 826 2057 &bc
841 1977 883 2056 in
901 1972 1099 2059 direbium
1115 1973 1346 2076 jacentibus.
1401 1971 1629 2079 Quofabto,
1648 1977 1674 2059 sr
1695 1971 1754 2072 sol

597 2091 832 2178 transsuceat
858 2121 903 2175 ea
931 2095 973 2173 in
998 2119 1195 2198 papyrum
1223 2098 1278 2175 M
1295 2097 1353 2197 N,
1382 2094 1479 2177 octo
1505 2098 1568 2176 vel
1597 2098 1756 2180 duode-

594 2217 673 2305 cim
688 2216 836 2324 digitos
855 2210 1122 2323 poliposrtam,
1144 2212 1300 2296 colores
1321 2214 1487 2323 quidem
1503 2218 1755 2329 generabun-

597 2370 665 2433 tur
679 2346 732 2431 ad·
744 2344 798 2430 M
813 2347 851 2432 8ι
868 2344 912 2429 N
947 2369 1017 2453 per
1048 2338 1266 2426 exteriores
1301 2340 1533 2452 prismatum
1560 2347 1757 2435 terminos

600 2476 636 2558 B
654 2476 692 2559 8ι
712 2464 766 2581 c,
791 2498 874 2556 non
905 2489 1039 2556 autem
1057 2494 1126 2577 per
1145 2463 1355 2553 interiores
1371 2470 1462 2556 C&
1477 2469 1523 2576 b3
1550 2470 1613 2554 sed
1632 2476 1757 2559 medi-

599 2629 672 2688 um
690 2599 857 2712 spatium
876 2597 965 2684 PT
991 2619 1127 2683 totum
1157 2595 1365 2705 apparebit
1399 2594 1549 2685 album.
1605 2598 1674 2684 Sin
1698 2602 1756 2690 al.

602 2752 804 2817 terutrum
835 2726 979 2838 prisma
998 2723 1126 2828 tollas,
1152 2723 1317 2810 alterius
1340 2729 1568 2812 extremitas
1594 2729 1633 2811 C
1653 2728 1757 2814 velb

600 2853 805 2965 generabit
822 2851 977 2938 colores
995 2852 1045 2934 ad
1061 2854 1092 2933 P
1111 2847 1166 2955 T,
1184 2876 1229 2933 ac
1245 2847 1390 2954 dein,lr
1407 2852 1598 2957 restituas,
1615 2851 1755 2937 albedo

602 2979 724 3061 etiam
753 2978 992 3063 restituetur.
1047 2971 1203 3059 Scilicet
1227 2972 1371 3059 albedo
1404 2976 1474 3061 ista
1500 2977 1755 3086 componitur

604 3129 653 3184 ex
669 3102 875 3187 coloribus
896 3098 946 3186 ab
965 3098 1217 3185 extremitate
1245 3098 1376 3186 cub
1405 3102 1598 3211 prismatis
1616 3103 1756 3188 utrius·
1820 3191 1825 3202 ,

605 3256 685 3337 qne
724 3225 940 3337 prolapsrs;
968 3229 1008 3312 id
1044 3227 1155 3334 quod
1188 3222 1302 3313 facile
1319 3229 1471 3314 constet
1501 3258 1550 3312 ex
1575 3231 1759 3340 praefatis.

605 3350 715 3431 Nam
745 3352 845 3433 radii
873 3347 1188 3453 purpuriformes
1218 3355 1268 3434 ab
1296 3377 1471 3459 utroque
1493 3354 1679 3456 prismate
1700 3385 1758 3441 re·

606 3467 721 3553 fracti
748 3467 973 3550 limitantur
991 3468 1035 3547 in
1058 3468 1198 3549 eodem
1213 3470 1366 3574 punito
1387 3477 1443 3575 P;
1472 3475 1527 3554 ita
1545 3497 1592 3555 ut
1605 3480 1657 3560 ab
1678 3510 1760 3566 uno

607 3590 790 3706 prismate
824 3607 1029 3671 manantes
1063 3588 1238 3673 incidant
1267 3591 1310 3672 in
1335 3595 1455 3695 PM,
1489 3592 1537 3675 ab
1555 3594 1682 3681 altero
1715 3606 1760 3689 in

605 3722 641 3804 P
657 3717 715 3824 N,
741 3718 779 3803 br
797 3713 846 3798 ab
864 3733 1038 3824 utroque
1056 3712 1168 3800 srmul
1185 3715 1226 3800 in
1245 3722 1380 3800 totum
1397 3719 1450 3800 M
1466 3717 1524 3824 N,
1552 3747 1635 3804 non
1652 3721 1761 3814 secus

611 3873 731 3960 quam
748 3846 776 3931 fi
794 3868 932 3926 omnes
947 3842 997 3924 ab
1013 3844 1133 3927 unico
1146 3841 1327 3955 prismate
1343 3839 1548 3929 venissent.
1606 3855 1760 3940 Eodem

615 3972 738 4064 modo
761 3965 1039 4054 caroliformes
1063 3971 1334 4055 extenduntur
1358 3998 1425 4081 per
1442 3994 1575 4057 totum
1594 3972 1761 4086 spatium

617 4101 672 4193 M
692 4100 753 4211 N,
776 4101 973 4189 &eorum
999 4095 1194 4191 terminus
1219 4099 1446 4187 communis
1466 4101 1520 4186 est
1548 4105 1613 4209 Q,
1641 4126 1760 4211 prout
1897 4148 1904 4160 ·

1603 4250 1768 4321 mallant
