4058 5258
321 369 440 473 Soet.
470 367 528 468 ΙΙ.
574 365 860 465 ΕοιοιωΜ
900 364 1289 470 innuonrnnrs.
1327 499 1331 503 p
1370 390 1472 510 253

319 586 540 697 imaginem
569 580 739 666 caeruleae
758 580 880 690 partis
910 581 1029 691 paulo
1059 582 1219 693 longius
1250 584 1476 674 translatam

320 706 406 817 esse,
435 707 615 795 terminis
629 721 704 814 pt
727 710 765 794 8<
791 730 860 788 arn
889 709 931 791 in
954 707 1131 794 confinio
1155 708 1338 795 colorum
1353 739 1379 793 r
1395 741 1417 792 s
1435 719 1474 797 &

320 837 390 920 lna
414 860 460 921 ut
490 856 583 917 ante
614 826 820 917 diffractis.
879 836 953 919 Sed
980 838 1046 922 hic
1072 835 1223 921 summe
1252 840 1474 924 cavendum

317 964 387 1070 est,
431 986 478 1048 ut
513 987 688 1073 papyrus
721 989 814 1048 cum
844 960 975 1048 crassis
1001 969 1039 1051 8r
1070 964 1232 1050 intense
1270 963 1473 1051 coloribus

319 1092 512 1176 minetur.

373 1350 501 1433 Huic
526 1338 647 1428 affine
672 1342 732 1427 est
764 1345 1099 1453 experimentum,
1127 1375 1219 1435 cum
1246 1343 1361 1432 statui
1387 1347 1471 1431 duo

318 1473 502 1584 prismata
515 1474 563 1558 ad
582 1471 775 1558 foramina
790 1474 887 1581 duo,
914 1477 1061 1585 quibus
1080 1477 1180 1563 lucis
1195 1475 1324 1586 patuit
1339 1477 1470 1560 aditus

318 1599 361 1682 in
381 1597 632 1683 tenebrosum
656 1595 904 1706 cubiculum,
926 1603 1096 1687 acinco
1115 1600 1188 1687 fitu
1212 1596 1395 1710 disposui,
1422 1630 1469 1691 ut

318 1725 437 1813 unius
457 1753 632 1839 purpura
656 1729 695 1813 8r
721 1724 843 1809 rubor·
872 1726 1034 1812 alterius
1061 1732 1104 1813 in
1133 1731 1304 1814 eundem
1333 1729 1469 1820 locum

317 1857 486 1941 coirent.
542 1856 589 1938 ln
607 1883 692 1968 quo
711 1852 802 1937 loco
830 1852 897 1938 fixi
915 1856 1055 1966 papyri
1077 1855 1323 1968 segmentum
1341 1862 1467 1949 circu·

319 1977 412 2085 lare,
439 1984 476 2072 &
496 2008 578 2064 non
594 1979 711 2065 latius
734 1977 902 2062 dimidio
917 1980 979 2063 vel
996 1982 1139 2065 triente
1158 1980 1379 2070 latitudinis
1396 2014 1467 2071 co·

317 2102 535 2190 loratarum
559 2104 793 2218 imaginum,
822 2131 871 2187 eo
888 2125 1052 2215 propter
1071 2130 1116 2191 ut
1134 2108 1295 2194 duobus
1313 2112 1388 2197 illis
1402 2112 1466 2196 so·

315 2232 531 2319 summodo
558 2230 759 2318 coloribus
800 2230 1103 2315 illuminaretur.
1158 2235 1272 2318 Turn
1316 2242 1467 2325 caeteris
1612 2348 1616 2355 4
1724 2281 1730 2288 ·

315 2364 506 2472 utrinque
539 2361 742 2446 coloribus
776 2355 937 2466 objecto
973 2360 1091 2466 nigro
1127 2365 1363 2472 terminatis,
1400 2367 1465 2452 vel

316 2486 447 2596 (quod
465 2485 585 2570 satius
603 2488 709 2592 etat)
736 2484 896 2592 longius
924 2482 1123 2590 projestis,
1151 2505 1197 2567 ut
1224 2485 1380 2594 prefata
1396 2518 1462 2599 pa·

316 2636 440 2719 pyrus
465 2609 671 2715 nigredine
695 2609 760 2690 vel
787 2609 960 2693 tenebris
992 2606 1272 2694 circumcincta
1304 2639 1465 2719 appare·

317 2754 391 2839 ret,
420 2731 585 2815 tertium
601 2727 740 2839 prisma
766 2731 815 2814 ad
845 2730 1007 2818 oculum
1035 2731 1245 2849 applicavi,
1271 2736 1309 2819 81
1334 2737 1383 2819 ad
1401 2737 1463 2822 di-

316 2857 475 2943 stantias
498 2854 641 2939 abinde
659 2881 733 2965 pro
756 2855 956 2940 arbitratu=
972 2858 1099 2941 varias
1117 2883 1181 2939 me
1209 2855 1462 2970 submovens,

315 2982 439 3068 unica
463 2982 567 3067 illius
594 2980 815 3090 subpallidae
833 2983 973 3094 papyri
998 2984 1198 3094 geminam
1223 2983 1304 3067 vidi
1320 2984 1462 3100 imagi·

317 3134 408 3193 nem
442 3134 681 3217 purpuream
714 3111 753 3193 8r
781 3106 957 3190 rubeam.
1013 3115 1067 3193 Et
1099 3109 1233 3217 imago
1264 3137 1462 3221 purpurea

316 3235 476 3345 longius
502 3262 525 3318 a
549 3260 702 3348 papyro
727 3230 912 3316 transsata
935 3259 1018 3318 erat
1035 3263 1156 3344 quam
1175 3237 1311 3342 rubea,
1340 3264 1462 3346 prout

315 3362 443 3469 major
459 3387 601 3446 eorum
619 3359 821 3445 radiorum
843 3355 1144 3468 refrangibilitas
1163 3363 1301 3470 erigit.
1357 3366 1463 3449 Rem

315 3488 508 3575 schemate
528 3516 583 3595 44
599 3484 841 3598 defignatam
861 3485 994 3592 habes,
1026 3489 1096 3573 ubi·
1112 3488 1249 3602 papyri
1257 3505 1291 3597 p
1309 3492 1349 3577 T
1365 3491 1460 3576 ima·

313 3615 700 3726 ginessuntX&Y.
814 3694 818 3703 .

371 3868 449 3946 Ao
481 3863 654 3953 eundem
688 3865 856 3948 modurn
895 3869 923 3951 sr
956 3862 1040 3945 duo
1067 3861 1279 3969 pulverum
1305 3891 1462 3976 genera,

314 4011 490 4098 quorum
522 3983 692 4069 alterum
727 3985 902 4094 perfecie
936 3987 1101 4072 rubrum
1131 3986 1260 4093 est,&
1290 3991 1461 4073 alterum

315 4132 559 4221 purpureum
594 4107 658 4193 vel
685 4106 878 4218 indicum,
906 4107 986 4196 fine
1002 4108 1167 4197 mistura
1187 4111 1337 4219 cyanei,
1369 4109 1468 4193 viri-

1381 4233 1464 4345 dis„
