4058 5258
559 412 662 579 278
903 416 1001 527 Du
1040 421 1311 532 vanus.
1525 438 1621 542 Par.
1657 440 1711 549 Is.

613 774 938 867 No'rrssruun
961 773 1030 880 est,
1056 771 1168 886 quod
1196 769 1381 856 mollium
1406 795 1534 884 partes
1555 808 1640 870 non
1656 786 1716 872 so·

558 910 646 997 lum
666 892 853 1019 pressioni
876 900 1038 1011 cedunt,
1065 903 1108 987 in
1133 900 1293 1014 quasvis
1319 901 1548 992 immediate
1573 911 1713 1023 impri-

558 1036 698 1141 mitur,
725 1028 1099 1117 secundianum
1126 1050 1260 1138 partes
1278 1049 1454 1137 remotae,
1481 1054 1602 1142 prout
1627 1039 1713 1126 vim

556 1160 734 1273 partium
782 1156 1011 1243 immediate
1047 1147 1260 1266 preffarum
1290 1150 1496 1241 sustinent.
1548 1165 1603 1245 Et
1639 1162 1718 1274 ipse

555 1311 848 1399 nonnunquam
879 1281 1088 1370 observavi
1118 1283 1161 1368 in
1186 1280 1342 1367 laminis
1370 1308 1718 1376 convexo-conca·

556 1415 671 1502 vis&
691 1441 741 1501 ex
760 1409 927 1499 materis
951 1409 1206 1497 mediocriter
1226 1405 1356 1519 rigidi
1376 1409 1569 1498 confessis
1596 1415 1716 1528 (qua.

555 1542 613 1630 les
627 1572 677 1628 ex
705 1542 825 1630 coriis
859 1539 1046 1629 bubulcis
1077 1539 1119 1625 in
1146 1566 1303 1627 morem
1335 1538 1526 1651 segmenti
1554 1544 1716 1653 superfi-

555 1670 836 1783 cieisphaericae
864 1670 1153 1756 contundendo
1171 1670 1337 1757 formari
1367 1667 1546 1780 possunt)
1588 1676 1714 1786 quod,

554 1826 649 1885 cum
665 1799 707 1884 in
728 1795 954 1885 meditullio
971 1795 1034 1880 seu
1051 1794 1200 1883 vertice
1217 1814 1469 1907 premuntur,
1492 1827 1571 1881 non
1587 1798 1715 1887 solum

552 1927 613 2013 ibi
631 1926 778 2014 cedunt
812 1924 952 2034 tadui,
981 1924 1044 2010 sed
1075 1929 1114 2013 8(
1146 1928 1328 2039 undique
1357 1926 1408 2010 ad
1434 1927 1554 2013 instar
1589 1930 1717 2040 vallis,

551 2055 784 2165 annularem
816 2054 962 2139 collem
1003 2050 1183 2161 depressae
1230 2055 1371 2140 vertici
1409 2057 1718 2146 circumactum

553 2175 939 2288 comprehendentis,
967 2176 1076 2256 intus
1110 2175 1343 2278 fleetuntur,
1378 2178 1502 2284 idque
1529 2183 1650 2266 citius
1675 2188 1717 2272 dr

554 2302 684 2414 magis
710 2297 933 2404 manifesto,
963 2291 1086 2380 stsmt
1105 2294 1226 2405 paulo
1255 2297 1465 2402 rigidiores
1488 2302 1601 2407 juxta
1622 2331 1715 2388 ver·

552 2432 678 2518 tieem
702 2455 827 2543 quam
859 2451 987 2537 prope
1021 2419 1297 2534 petiplteriam.
1343 2425 1399 2509 V·
1426 2427 1478 2539 G,
1533 2428 1716 2512 Sitkntt

552 2554 643 2666 (fig.
674 2555 758 2664 58.)
797 2553 944 2639 lamina
971 2547 1153 2660 sphaerice
1187 2577 1580 2662 convexo-concava,
1626 2580 1715 2670 qua

553 2680 739 2770 circulari
760 2681 846 2787 ejus
864 2676 1114 2764 extremitati
1149 2698 1342 2791 tanquam
1367 2677 1446 2763 bafi
1463 2681 1716 2793 incumbens,

552 2805 663 2893 mole
693 2804 827 2917 aliqud
859 2805 979 2916 plani
1007 2805 1047 2889 8(
1072 2802 1120 2885 ad
1149 2801 1280 2889 basem
1306 2803 1389 2910 ejus
1414 2804 1600 2914 paralleli
1623 2809 1715 2892 AB

549 2954 772 3043 prematur,
813 2925 1135 3017 &manifestum
1170 2926 1262 3035 erit,
1308 2929 1422 3038 quod
1456 2928 1536 3017 hac
1569 2930 1714 3017 lamina

553 3059 728 3145 maxime
750 3058 864 3144 cedet
883 3050 1071 3169 preffioni
1093 3055 1135 3140 in
1153 3056 1303 3145 vertice
1318 3082 1359 3163 u,
1396 3055 1467 3142 ubi
1486 3061 1537 3146 ab
1560 3060 1715 3147 incum-

551 3182 674 3274 bente
694 3185 802 3272 mole
822 3184 960 3296 primo
988 3180 1259 3291 contingitur.
1317 3185 1392 3269 Sed
1418 3180 1460 3267 in
1481 3185 1567 3271 aliis
1592 3190 1715 3273 etiam

553 3307 666 3413 locis,
683 3310 788 3393 utin
805 3311 882 3395 a&
900 3307 930 3414 l,
950 3306 1068 3417 possit
1087 3306 1327 3393 etiamintus
1348 3310 1539 3416 recedere,
1558 3312 1656 3396 dum
1675 3311 1720 3396 in

554 3432 653 3517 locis
676 3430 937 3537 intermediis,
966 3453 1014 3511 ut
1035 3456 1075 3509 m
1091 3437 1185 3537 ua,
1212 3455 1342 3538 partes
1368 3426 1584 3538 assurgunt.
1638 3439 1718 3518 At·

554 3585 635 3669 que
650 3549 721 3642 hic
740 3550 899 3637 ratione
925 3548 1289 3662 configurationem
1304 3551 1485 3661 acquiret
1516 3554 1623 3642 haud
1639 3558 1718 3646 dis·

557 3675 724 3774 similem
741 3703 855 3796 aquae
869 3675 1099 3789 undulanti,
1114 3677 1521 3790 puteolonreferente
1531 3709 1719 3779 centrum

558 3813 772 3918 undarum,
798 3808 942 3917 &ripas
964 3833 1018 3915 m,
1046 3844 1075 3910 μ
1099 3802 1295 3893 referente
1317 3806 1517 3895 undarum
1545 3815 1718 3923 primam

556 3941 659 4030 valle
691 3960 730 4048 n,
759 3938 782 4021 Ι
813 3937 1103 4028 circundatum.
1163 3938 1217 4021 Et
1252 3939 1302 4024 ad
1335 3937 1507 4023 eundem
1547 3945 1718 4032 modum

554 4065 736 4179 possrbiie
753 4065 823 4172 est,
849 4086 896 4150 ut
909 4086 990 4149 tres
1014 4061 1081 4147 vel
1108 4061 1241 4173 plures
1263 4062 1383 4151 valles
1410 4070 1630 4172 premendo
1652 4072 1718 4152 de·

556 4194 756 4311 scendant,
783 4220 961 4308 quorum
997 4189 1173 4278 culmina
1199 4191 1397 4279 internata
1429 4191 1506 4278 fint
1538 4194 1719 4305 pluribus

1601 4321 1722 4408 undis
