4078 5250
537 371 647 481 166
790 296 940 466 ‘Da
978 360 1369 467 Rau1onunr
1505 350 1798 541 Passum]

537 612 626 679 tum
653 583 765 698 quod
797 576 1043 669 viriditatem
1071 600 1317 693 generantes,
1345 582 1429 668 five
1457 586 1529 694 (ur
1552 599 1703 708 perspi.
1812 576 1822 591 “

537 716 698 806 enitatis
738 714 870 824 gratii
918 739 1039 799 voees
1078 710 1251 822 fingam)
1293 712 1563 806 viridiformes
1599 731 1703 817 radii

535 861 703 957 propter
720 842 879 952 copiam
904 835 1150 949 prepolleat,
1178 862 1267 925 tum
1292 841 1405 950 quod
1424 839 1552 933 flavus
1574 856 1702 939 &cae-

539 970 675 1056 ruleus
690 969 860 1055 viridem
874 986 1145 1075 componunt,
1173 964 1237 1051 sed
1258 986 1458 1077 quatenus
1475 996 1546 1080 per
1559 974 1702 1061 ¹secun·

541 1098 635 1183 dam
651 1090 931 1179 refraffionem
950 1089 1221 1197 secernuntur,
1241 1093 1510 1205 unusquisque
1524 1095 1596 1185 sub
1608 1125 1704 1209 pto·

538 1217 628 1334 prii
643 1219 775 1309 forna
790 1213 1006 1307 videbitur.
1061 1220 1116 1303 Et
1129 1212 1180 1301 sac
1197 1216 1241 1301 in
1255 1215 1353 1303 aliisi
1697 1206 1704 1215 ’

601 1481 689 1563 Hrs
721 1470 934 1586 perspeetis
960 1464 1207 1581 periclitatus
1232 1466 1332 1574 lum,
1352 1471 1453 1582 quid
1476 1502 1499 1559 e
1520 1477 1706 1587 plurrlrur

543 1600 852 1691 refraffionibus
867 1598 1058 1701 eveniret,
1076 1590 1153 1679 hoe
1172 1590 1298 1681 fretus
1311 1596 1492 1708 consalio,
1511 1606 1624 1712 quod
1637 1635 1707 1692 co-

546 1728 652 1814 lores
683 1726 836 1814 iteratis
853 1717 1158 1811 refraaionibus
1177 1718 1267 1828 plus
1287 1718 1454 1834 plusque
1473 1731 1621 1813 mutati
1638 1733 1708 1817 do

544 1856 706 1961 herent,
733 1853 762 1940 lt
787 1852 913 1940 modo
935 1844 1135 1956 astragalis
1153 1847 1377 1958 quamlibet
1396 1855 1595 1943 internam
1619 1884 1710 1945 mu·

545 1976 745 2063 tationem
781 1996 1034 2086 paterentur3
1078 1994 1220 2059 contra
1243 2002 1358 2084 vero,
1391 1977 1419 2061 sa
1448 2010 1533 2067 non
1565 1986 1710 2077 intrin-

546 2109 655 2195 'l‘ecus
673 2103 833 2205 mutati,
860 2104 925 2186 led
949 2130 1022 2209 per
1047 2099 1338 2209 divergentiam
1367 2099 1617 2194 difformium
1649 2138 1712 2194 ra-

548 2235 746 2323 diorume
763 2227 938 2314 misturis
953 2247 1114 2313 tantum
1137 2227 1330 2316 edurat&
1354 2227 1546 2343 segregati
1565 2236 1711 2324 essent:

551 2363 663 2451 Tum
688 2356 924 2470 apparentes
948 2352 1195 2439 mutationes
1224 2354 1376 2439 iteratis
1404 2357 1713 2452 refraetionibur

547 2492 729 2576 minores
747 2481 848 2590 fieri,
875 2501 1086 2591 propterea
1107 2481 1221 2594 quod
1244 2481 1399 2568 colores
1424 2489 1605 2592 qualibet
1624 2491 1714 2575 vice

551 2614 814 2725 stmpliciores
838 2609 1068 2714 evaderent,
1092 2611 1134 2694 8<
1157 2608 1377 2715 experienti
1398 2613 1592 2718 posterior
1607 2615 1717 2703 casus

549 2725 707 2816 evenit.
760 2718 935 2828 Scilicet,
969 2744 1063 2805 cum
1093 2716 1328 2828 colorisper
1354 2720 1549 2828 posterius
1574 2725 1717 2836 prisma

550 2882 582 2936 a
597 2854 621 2934 b
638 2879 658 2932 c
679 2846 846 2957 traiefili,
865 2866 1020 2957 partem
1046 2841 1223 2953 aliquam
1236 2846 1357 2930 tertio
1375 2847 1561 2953 prismate
1589 2853 1638 2935 ad
1656 2854 1717 2939 di-

551 2976 741 3061 stantiam
767 2972 926 3082 aliquot
950 2970 1100 3078 pedum
1124 2966 1312 3074 disposuo
1331 2975 1571 3080 exceperim,
1598 2977 1715 3064 color

552 3098 624 3186 ille
648 3099 785 3182 denuo
810 3091 998 3201 trajellus
1013 3095 1114 3178 adeo
1132 3094 1399 3200 perdurabat3
1428 3118 1490 3204 ut,
1509 3095 1534 3181 fi
1558 3102 1716 3193 ratione

553 3252 640 3309 non
656 3216 889 3309 constitiffet
913 3220 1184 3305 mutationem
1211 3216 1384 3329 aliquam
1399 3247 1635 3312 eventuram
1650 3230 1713 3314 fu·

555 3343 637 3452 iffe,
664 3345 772 3431 sensu
790 3343 918 3449 judice
935 3342 1042 3425 haud
1066 3345 1218 3425 mutari
1241 3340 1501 3449 percepiffem.
1559 3347 1711 3435 Tenta-

472 3554 480 3573 ,
553 3471 647 3563 bam
662 3466 821 3572 deinde,
847 3463 1019 3566 srquam
1035 3464 1179 3566 quartal
1195 3462 1429 3551 relraffione
1444 3469 1715 3566 mutationem

557 3593 774 3685 senfibilem
799 3589 987 3677 inducere
1008 3587 1229 3700 potuerim,
1261 3591 1326 3677 sed
1352 3587 1504 3682 tustra.
1553 3596 1713 3693 Interea

560 3721 782 3813 cavendum
804 3716 875 3826 est,
901 3741 951 3800 ne
975 3712 1172 3801 foramina
1189 3718 1223 3801 F
1241 3745 1287 3805 ac
1303 3724 1356 3826 G,
1381 3740 1614 3833 ceteraque,
1641 3757 1714 3841 pe,
1859 3744 1861 3748 ,

561 3879 647 3966 quae
677 3849 748 3935 lux
772 3843 923 3950 transit,
951 3844 1099 3952 majora
1132 3843 1370 3958 statuantur,
1397 3873 1522 3961 quam
1544 3853 1716 3968 exigunt

561 3980 730 4090 colores,
756 3995 804 4063 ut
823 3969 994 4062 evadant
1010 3967 1213 4083 perspicui.

1617 4175 1714 4289 Era·
