4028 5252
523 428 594 543 44
803 399 896 502 Do
938 399 1294 507 Mensura
1504 404 1600 510 Par.
1641 402 1677 510 l.

415 815 417 819 .
535 782 541 793 ·
581 746 666 829 His
687 741 889 852 pramiffis
904 743 1110 857 problema
1126 738 1375 852 propositum
1393 743 1443 833 fic
1462 749 1679 856 perficitur.

526 867 662 952 Primo
717 868 966 953 mensuretur
1018 864 1188 975 angulus
1240 868 1438 954 verticalis
1488 872 1685 978 prismatis

526 995 678 1097 ΑΕΒ,
715 995 863 1097 &ejus
892 990 1106 1076 dimidium
1135 987 1212 1074 erit
1235 990 1403 1098 angulos
1420 992 1685 1080 refradionic.
1853 1064 1859 1073 .

528 1125 635 1210 Dein
672 1121 855 1230 prilmate
885 1120 928 1203 in
962 1118 1158 1229 positione
1184 1115 1344 1229 praefatd
1373 1120 1575 1231 disposrto‚
1618 1150 1687 1232 per

528 1253 639 1365 quod
659 1250 758 1336 radii
777 1248 1024 1356 trajiciantur
1044 1246 1205 1358 ingreffi
1223 1246 1401 1335 foramen
1420 1254 1468 1359 F,
1495 1280 1571 1363 ope
1590 1279 1688 1364 qua·

528 1376 680 1463 drantis
708 1377 763 1459 M
783 1374 826 1457 N
844 1376 941 1484 PQ
977 1373 1100 1484 ampli
1133 1376 1171 1461 dr
1207 1373 1393 1482 accurati,
1425 1377 1542 1485 (puta
1573 1379 1686 1483 cujus

532 1503 748 1614 pinnarum
769 1500 879 1587 M&
898 1501 943 1585 N
971 1499 1157 1588 distantia
1173 1498 1220 1585 stt
1236 1502 1350 1610 pedis
1368 1503 1489 1587 unius
1504 1505 1553 1589 ad
1571 1505 1688 1589 mini·

528 1631 666 1736 mum)
694 1624 924 1734 exploretur
951 1628 1124 1736 angulus
1143 1628 1180 1710 Y
1196 1631 1233 1712 L
1247 1633 1286 1711 K
1312 1627 1377 1712 vel
1394 1633 1427 1711 P
1441 1625 1467 1707 k
1481 1631 1541 1735 Q,
1568 1655 1690 1733 quern

528 1750 688 1842 refundi
716 1750 815 1836 radii
847 1753 884 1835 Y
900 1750 955 1834 M
970 1753 1016 1836 N
1048 1779 1142 1838 cum
1171 1751 1389 1837 horizonte
1422 1751 1687 1858 constituunt,

436 1978 439 1985 Ι
529 1877 711 1966 faciendo
736 1896 784 1960 ut
800 1875 1058 1963 mediocriter
1085 1876 1360 1988 refrangibiles
1377 1904 1448 1987 per
1471 1877 1612 1988 pinnas
1634 1879 1691 1963 M

419 2084 424 2093 .
530 2013 570 2100 8<
591 2009 635 2092 N
653 2006 703 2091 ad
722 2004 950 2090 distantiam
972 2006 1111 2091 decern
1130 2026 1200 2091 aut
1218 2006 1368 2114 viginti
1391 2008 1541 2115 pedum
1557 2037 1580 2091 a
1597 2005 1693 2114 pris·

529 2154 639 2218 mate
658 2131 916 2239 trajiciantur,
956 2133 998 2216 dc
1011 2128 1127 2214 fimul
1151 2128 1383 2215 observetur
1400 2128 1491 2214 solis
1516 2129 1691 2214 altitudo

531 2259 575 2341 X
591 2261 700 2344 KL:
728 2256 811 2364 Qui
844 2255 928 2339 duo
956 2254 1093 2366 anguli
1125 2253 1335 2360 addantur,
1363 2250 1574 2338 firefraui
1591 2254 1692 2337 radii

530 2385 570 2468 Y
585 2385 641 2468 M
656 2384 700 2470 N
717 2378 867 2467 sursum
897 2380 1077 2484 tendant,
1104 2376 1203 2465 ficut
1228 2380 1271 2463 in
1289 2377 1488 2479 schemate
1511 2375 1695 2464 describi·
1845 2382 1849 2387 ’

535 2526 620 2619 tur,
637 2507 733 2596 alias
747 2508 880 2594 minor
893 2502 1161 2590 substrahatur
1177 2530 1200 2585 a
1214 2502 1380 2611 maiori3
1396 2508 1434 2591 8<
1449 2503 1611 2589 summae
1627 2503 1696 2587 vel

534 2629 768 2739 differentia
794 2630 1009 2716 dimidium
1037 2656 1119 2714 una
1144 2654 1240 2714 cum
1263 2629 1414 2739 angulo
1448 2627 1699 2715 refradtionis

525 2768 652 2871 ,prius
676 2766 850 2853 invento
869 2755 960 2857 erit,
972 2753 1146 2863 angulus
1163 2754 1398 2864 incidentia,
1419 2779 1467 2842 ut
1479 2779 1611 2868 pateat
1629 2783 1699 2865 per

536 2885 704 2967 lemma
731 2883 967 2965 secunduma
1014 2883 1208 2993 Denique
1240 2912 1291 2965 ex
1327 2882 1481 2987 angulis
1521 2882 1697 2964 inciden-

539 2997 701 3224 ¹&aeng
713 2984 969 3091 retractionis.
992 3002 1044 3092 fic
1076 3006 1194 3113 daus,
1234 3004 1384 3091 dantur
1410 3027 1551 3090 eorum
1580 2999 1695 3090 smus.

544 3440 700 3570 XXX.
736 3464 1017 3621 Exemplum
1049 3474 1101 3656 in
1138 3474 1417 3658 refractione
1457 3478 1696 3633 cujusdam

927 3675 1115 3791 genem
1142 3670 1283 3753 vitra.

599 3868 679 3964 Sto
699 3880 742 3968 i'n
757 3883 942 3995 prismate
959 3891 1139 4003 quodam
1163 3889 1303 3976 uitreo.
1312 3886 1511 3975 dimensus
1530 3886 1616 3979 sum
1628 3920 1697 3978 an·

543 4005 685 4123 guium
712 4009 796 4117 ejus
824 4014 1051 4103 maximum
1067 4024 1109 4105 A
1127 4019 1214 4105 CB
1232 4021 1272 4106 8<
1288 4014 1427 4103 inveni
1443 4020 1495 4126 63
1515 4023 1691 4130 gradra

542 4136 777 4251 mimcujtu
800 4140 1014 4232 dimidium
1042 4146 1087 4235 H
1101 4147 1143 4236 X
1159 4146 1195 4234 Y.
1211 4146 1275 4241 est
1289 4170 1357 4257 31.
1374 4171 1434 4260 gr.
1455 4160 1511 4256 36
1527 4175 1581 4233 ru.
1599 4140 1695 4249 ejus*

1612 4290 1694 4381 que
