4128 5240
399 352 1354 469 seulnunnnaennonrnns.
1480 371 1555 493 97

401 575 504 684 nd,
529 581 607 665 Ac
633 575 672 663 u
698 567 863 680 Abipli
884 565 1020 675 Abc,
1044 564 1124 653 erit
1147 568 1556 682 arcung=arcui

398 704 433 789 B
443 734 500 819 g;
527 729 651 815 quare
667 692 830 787 demissi
865 695 1114 811 gLadBE
1160 693 1491 805 perpendiculari,
1517 702 1558 783 dr

394 827 591 945 producis
615 826 744 923 donec
767 824 871 909 secet
892 846 1031 906 arcum
1050 820 1085 900 B
1102 824 1143 905 D
1165 820 1206 904 in
1225 824 1272 927 F,
1300 818 1371 905 ista
1391 826 1554 933 nger

391 959 485 1067 lem.
519 986 559 1065 4.
588 944 776 1042 bisecabit
809 966 900 1033 tum
945 944 1095 1031 restam
1138 945 1238 1050 BE,
1280 965 1371 1027 tum
1415 974 1553 1034 arcum

394 1068 504 1185 Dsll,
550 1089 607 1168 At
636 1077 831 1189 quoniam
857 1078 936 1187 gF
958 1102 1009 1158 ex
1042 1070 1339 1158 construslione
1361 1075 1462 1182 jacet
1485 1104 1553 1164 ex-

390 1228 456 1292 tra
487 1204 682 1292 circulum
706 1208 798 1315 gG,
825 1197 1022 1311 punilum
1040 1204 1072 1283 F
1091 1199 1206 1283 cadet
1235 1199 1341 1284 inter
1367 1206 1406 1286 G
1425 1206 1463 1290 8(
1491 1210 1548 1289 D.

385 1336 527 1444 ‘Quare
547 1340 587 1418 D
603 1335 643 1415 G
657 1351 707 1418 >
726 1330 831 1436 DF,
857 1323 937 1411 five
950 1347 1002 1418 >
1019 1327 1051 1411 F
1071 1328 1121 1429 B,
1147 1323 1333 1412 &multo
1351 1330 1479 1440 magis
1495 1350 1547 1418 >

444 1722 629 1807 Conon.
657 1744 692 1802 1.
720 1715 868 1818 Hruc,
908 1705 1074 1795 fiarcus
1098 1703 1545 1801 banontantnmdua=
1595 1708 1603 1717 ”

381 1844 461 1932 bus
479 1845 543 1931 sed
561 1862 822 1956 quotcunque
847 1837 1026 1950 partibus
1044 1833 1259 1948 equalibus
1272 1839 1439 1950 constet,
1455 1872 1543 1929 cor·

384 1971 668 2082 respondentes
696 1988 830 2077 partes
854 1992 969 2051 arcus
990 1959 1079 2070 bD,
1106 1964 1323 2050 atermino
1343 1963 1368 2045 b
1388 1969 1437 2054 ad
1462 1992 1541 2055 ter·
1647 1994 1651 2001 ·

384 2098 540 2184 minum
570 2100 624 2200 D,
660 2090 734 2179 sese
770 2093 969 2204 gradatim
1004 2088 1242 2200 superabunt
1276 2091 1542 2203 longitudine.

380 2225 578 2341 Adeoque
601 2223 629 2309 st
650 2251 764 2310 arcus
783 2223 837 2307 bc
853 2226 904 2312 ad
922 2247 1060 2321 arcum
1077 2218 1140 2302 cd
1159 2221 1299 2308 habeat
1318 2250 1539 2332 quamcun.

378 2376 458 2466 que
491 2353 689 2436 rationem
716 2344 1129 2449 commensurabilem,
1163 2346 1240 2429 erit
1268 2373 1383 2437 arcus
1414 2358 1450 2436 G
1478 2357 1531 2435 D.

377 2503 456 2563 arc·
490 2480 633 2562 BG>
666 2498 746 2556 arc.
773 2470 840 2553 cd.
887 2498 965 2555 arc.
1000 2468 1068 2575 bc,
1115 2468 1309 2580 liquidem
1346 2504 1537 2565 numerus

379 2598 592 2709 aequalium
626 2597 802 2703 partium
836 2596 1150 2681 mensurantium
1180 2622 1293 2679 arcus
1323 2597 1381 2677 bc
1408 2606 1538 2712 bned,

377 2719 690 2831 correspondent
704 2718 897 2801 consimili
911 2742 1082 2802 numero
1092 2719 1269 2826 partium
1282 2722 1538 2832 inequalium

377 2843 713 2936 constituentium
741 2870 855 2929 arcus
871 2843 957 2927 BG
986 2869 1031 2925 ac
1056 2847 1095 2927 G
1115 2845 1170 2947 D,
1197 2869 1369 2955 quarum
1392 2845 1466 2933 illae
1491 2852 1535 2937 in

375 2976 470 3061 GD
487 2971 578 3056 sunt
596 2992 738 3053 omnes
765 2985 877 3078 parte
901 2968 1077 3053 maximni
1099 2965 1219 3076 ipsius
1238 2968 1322 3057 BG
1346 2974 1531 3081 majores.

260 3146 266 3151 ·
374 3093 664 3209 Quinetiamfi
678 3093 790 3181 bcad
805 3092 1019 3180 cdhabeat
1034 3122 1319 3210 quamcunque
1334 3099 1532 3190 rationem

373 3220 828 3330 incommensurabilem,
868 3221 950 3307 erit
972 3223 1115 3308 itidem
1141 3225 1243 3306 GD.
1279 3226 1362 3310 BG
1386 3244 1437 3315 >
1454 3226 1530 3315 cl.

372 3351 439 3437 bc.
495 3351 606 3437 Nam
639 3350 841 3434 rationum
870 3348 1159 3456 fimilitudines,
1184 3377 1271 3458 quae
1295 3355 1529 3462 quantitati·

372 3482 448 3567 bus
493 3474 917 3564 commensurabilibus
946 3478 1195 3564 conueniunt
1227 3479 1448 3589 indefinite,
1475 3512 1528 3569 eo

369 3604 532 3691 nomine
544 3602 923 3691 conveniuntetiam
936 3602 1401 3693 incommensurabilibus
1421 3609 1527 3696 limi·

227 3812 233 3819 .
369 3729 462 3813 liter
488 3723 651 3833 affesiis,
686 3726 1032 3841 quemadmodum
1064 3756 1115 3812 ex
1137 3729 1331 3816 Eucliden
1352 3730 1527 3818 deliniti·

372 3877 452 3935 one
465 3848 657 3935 ·fimilium
676 3850 879 3937 rationum
899 3850 1052 3936 ostendi
1079 3852 1222 3961 potest.
1277 3858 1352 3943 Sed
1372 3855 1526 3945 facilius

371 3971 682 4088 deprehenditur
697 3976 956 4087 imaginando
983 3979 1242 4089 quantitates,
1259 4007 1358 4094 quas
1377 4003 1525 4067 vocant

370 4097 799 4211 incommensurabiles,
819 4098 955 4312 polleo
946 4104 1149 4192 numerari
1166 4132 1236 4217 per
1253 4129 1384 4219 partes
1405 4105 1524 4311 {iude-

1435 4252 1519 4316 nate
