4078 5250
350 360 477 472 seo.
512 352 551 459 Ι.
644 335 869 454 Lucis
906 327 1337 457 Cononraus.
1412 368 1512 461 ttt

253 610 257 613 ’
346 582 391 673 tr
408 570 652 667 transmittat
672 564 935 655 rubriformes
951 566 1084 655 versus
1102 582 1136 677 t,
1168 588 1289 682 atque
1312 572 1408 664 alias
1426 602 1515 665 om.

349 724 420 795 nes
438 695 687 816 apparentiae
705 694 832 782 modo
846 696 1054 784 recenfitas
1068 693 1268 783 exhibeat.

401 965 651 1051 Caranon
678 947 856 1039 dehisce
879 951 1012 1039 modia
1037 953 1266 1064 experiendi
1284 953 1510 1041 notandum

344 1085 476 1192 venit,
492 1084 641 1194 primo,
662 1079 774 1194 quod
790 1076 947 1164 colores
965 1077 1030 1165 hic
1046 1078 1323 1189 producuntur
1339 1106 1363 1164 a
1381 1079 1509 1189 paral·

345 1211 435 1299 lelis
458 1206 751 1321 superficiebus,
777 1206 1101 1317 quarumaliquae
1120 1228 1333 1296 recurvant
1356 1206 1505 1317 radios,

343 1323 540 1454 quantum
567 1335 652 1422 alia
679 1337 921 1445 incurvant;
948 1357 1071 1448 atque
1100 1336 1203 1427 adeo
1228 1361 1316 1450 qua
1334 1356 1503 1421 mutuos

343 1459 508 1552 effertus
535 1463 797 1570 destruerent,
824 1458 981 1573 siquos
1004 1463 1048 1549 in
1075 1461 1339 1549 immutandis
1360 1459 1503 1546 intrin-

341 1590 438 1679 secis
455 1586 775 1701 dispofitionibus
794 1587 1001 1674 radiorum
1019 1590 1154 1701 quoad
1173 1615 1315 1675 eorum
1331 1585 1502 1694 colores,

339 1737 388 1804 ut
433 1717 651 1829 opinantur
699 1713 940 1828 philosophi,
986 1718 1266 1828 producerent.
1339 1713 1500 1803 Deinde

338 1846 453 1956 quod
471 1842 541 1928 lux
558 1841 768 1954 postquam
800 1868 870 1954 per
895 1843 986 1929 istas
1017 1841 1240 1957 superficies
1263 1843 1499 1952 trajiciatur,

338 1969 433 2056 licet
459 1968 547 2055 alba
573 1966 634 2079 lit,
655 1968 864 2057 manifesto
883 1989 1016 2056 tamen
1035 1971 1188 2059 constet
1215 1996 1266 2055 ex
1289 1968 1497 2079 heteroge-

330 2101 419 2187 neis
436 2100 577 2207 radiis3
603 2100 933 2214 quandoquidem
950 2126 1092 2189 eorum
1113 2099 1246 2212 aliqua
1264 2124 1411 2209 genera
1426 2126 1495 2211 pea

330 2229 442 2314 nitus
458 2227 611 2315 refledii
627 2225 786 2340 poliunt
802 2230 911 2339 adp,
937 2229 1036 2318 dutn
1051 2228 1129 2316 alia
1142 2226 1192 2312 ad
1212 2227 1395 2337 tpartim
1413 2246 1493 2311 tra·

331 2353 530 2460 jiciantur.
580 2356 636 2437 Et
654 2355 795 2436 eidem
813 2356 969 2436 ratione
994 2354 1149 2437 constat
1174 2354 1364 2436 reflexam
1385 2349 1493 2437 albe*

332 2479 470 2560 dinem
490 2475 670 2558 similiter
688 2474 949 2584 composrtam
973 2469 1062 2579 elle,
1089 2474 1281 2582 siquidem
1301 2478 1370 2580 (ut
1387 2477 1493 2584 dixi)

333 2599 602 2704 redintegrata
629 2597 701 2701 est,
726 2623 820 2677 cum
838 2596 963 2678 rubor
978 2597 1164 2678 omnium
1187 2595 1355 2680 ultimus
1379 2599 1492 2681 refle-

332 2720 458 2808 &itur
475 2744 497 2801 a
513 2730 555 2824 t;
571 2718 700 2807 &hac
718 2744 768 2800 ex
784 2743 835 2800 eo
850 2716 1073 2805 etiamnum
1085 2716 1240 2802 summe
1255 2718 1492 2806 confirman-

331 2868 415 2954 tur,
442 2846 554 2959 quod
589 2874 613 2932 a
644 2842 728 2930 soli
759 2841 962 2928 vitrorum
990 2842 1231 2957 obliquitate
1256 2845 1336 2934 fine
1359 2846 1490 2963 aliqud

329 2972 575 3062 refractionis
590 2972 656 3061 vel
675 2966 918 3060 rellestionis
933 2979 1043 3063 novi
1069 2972 1369 3065 modificatione
1395 2976 1486 3068 effi·

329 3102 506 3191 ciuntur.

376 3354 477 3439 Lux
504 3349 655 3462 itaque,
680 3351 867 3462 quamvis
886 3347 1098 3436 uniformis
1122 3346 1230 3461 effer,
1254 3380 1344 3467 qua
1365 3357 1483 3450 asole

325 3476 559 3565 immediate
587 3475 769 3589 profluit,
806 3477 1017 3592 postquam
1046 3498 1180 3565 tamen
1209 3508 1389 3599 unquam
1422 3517 1483 3575 re·

324 3608 473 3690 reflexa
491 3604 557 3690 vel
573 3603 738 3693 reltadia
761 3603 853 3714 fuit,
878 3604 1031 3692 constat
1054 3635 1105 3691 ex
1124 3608 1402 3720 heterogeneis
1421 3640 1483 3698 ra·-

325 3730 416 3814 diin.
468 3735 525 3814 Et
551 3732 743 3841 ejusmodi
761 3733 817 3819 est
832 3763 877 3821 ea
895 3732 965 3818 lux
980 3734 1125 3839 omnis,
1148 3758 1236 3842 quae
1252 3742 1480 3844 pervitreas

324 3846 513 3938 fenestras
544 3859 752 3968 trajicitur,
796 3860 863 3947 vel
880 3854 1003 3974 quam
1029 3854 1206 3966 planete,
1231 3862 1370 3974 nubes,
1403 3869 1478 3951 &c-

325 3979 471 4064 adnot
490 3977 712 4068 reflectunt.
768 3984 859 4069 imo
878 3988 947 4072 lux
965 3982 1096 4069 omnis
1119 4006 1142 4063 a
1160 3982 1239 4071 sole
1263 4012 1332 4076 aut
1350 3991 1478 4072 lucer-

325 4108 388 4197 nis
420 4103 633 4221 quibusvis
662 4110 856 4223 derivata,
883 4111 1078 4227 fiqnidem
1104 4110 1316 4228 aliqualem
1337 4110 1477 4197 saltem

858 4245 994 4330 Eea
1351 4234 1474 4328 refra-
