4078 5250
286 304 453 496 ⁸Seli.
491 380 528 483 Ι.
601 375 817 479 Lucis
855 375 1284 487 Cononiiius.
1384 393 1488 535 169

325 629 448 717 qnam
468 592 577 708 apud
601 592 638 678 Y
656 587 706 677 Z
760 591 901 702 Atque
925 590 1026 680 adeo
1050 597 1107 680 nil
1125 599 1390 687 dubitandum
1409 604 1484 691 elle

325 726 477 832 censeo,
504 720 605 832 quin
624 715 779 803 colores
797 717 1004 804 evaderint
1023 723 1183 831 prorsus
1202 725 1484 843 immutabiles,

325 853 506 940 simodo
539 873 610 958 per
642 843 893 932 indefinitam
917 846 1159 956 parvitatem
1191 851 1484 944 foraminumF

323 984 365 1069 8(
389 1005 418 1060 ir
442 973 617 1060 omnino
645 971 687 1055 iri
708 971 901 1081 simplices
919 970 1084 1060 discerni
1108 973 1281 1087 possunt.
1335 986 1390 1065 Et
1407 981 1484 1070 hoc

326 1132 377 1188 ex
413 1130 464 1185 eo
496 1098 619 1183 etiam
651 1096 928 1212 confirmatur,
970 1104 1082 1211 quod
1107 1130 1205 1191 cum
1231 1106 1313 1190 reici
1333 1105 1482 1194 lentem

327 1226 442 1313 LM
472 1225 584 1330 juxta
617 1221 878 1332 perimetrum
905 1225 990 1346 ejus
1027 1227 1224 1314 velamine
1252 1233 1384 1344 nigro,
1410 1261 1483 1344 per

326 1352 507 1437 medium
530 1351 579 1435 ad
605 1348 861 1435 latitudinem
885 1349 965 1436 sere
983 1351 1151 1440 semelsis
1174 1357 1293 1464 digiti
1316 1362 1482 1448 circula-

326 1480 423 1564 riter
446 1474 619 1588 pertus0‚
642 1473 770 1586 ligura
795 1477 981 1589 imaginis
1009 1483 1044 1565 Y
1064 1480 1101 1566 Z
1130 1509 1229 1591 pene
1249 1485 1482 1574 orbicularis

325 1598 474 1707 evasit;
500 1600 749 1708 &coniugis
770 1599 1020 1710 orbicularis,
1046 1632 1132 1718 quo
1148 1609 1275 1719 magis
1300 1606 1480 1697 foramen

323 1727 566 1815 Feont-raxi.
623 1727 670 1811 Id
689 1729 803 1839 quod
816 1730 947 1814 notari
968 1729 1126 1838 vellem,
1145 1762 1237 1819 cuni
1258 1734 1480 1845 plurimum

325 1854 506 1962 illustret,
532 1852 686 1941 causam
714 1855 899 1964 imaginis
923 1856 1013 1941 ΤΡ
1036 1860 1076 1943 in
1096 1859 1393 1972 longitudinem
1419 1864 1480 1946 di·

326 1976 454 2064 dudae
473 2007 555 2064 non
571 1978 689 2064 aliam
698 1977 798 2089 soie,
825 2008 948 2095 quam
966 1984 1171 2071 radiorum
1182 1987 1385 2074 coloribus
1404 1987 1479 2072 dis·

321 2105 508 2195 fimiliuni
527 2104 720 2195 diversum
738 2106 1128 2224 refrangibilitatem.

379 2369 642 2470 Caranon,
669 2393 753 2471 quo
775 2368 1024 2473 propositum
1037 2364 1168 2451 adhuc
1188 2369 1315 2475 magis
1332 2389 1479 2474 pateat,

324 2488 666 2585 &exabundanti
689 2511 736 2572 ut
752 2487 919 2594 constet,
946 2488 1113 2598 quinam
1133 2488 1205 2571 sint
1226 2491 1381 2574 colores
1401 2494 1481 2600 pri·

324 2609 471 2714 mitivi,
498 2614 665 2696 adverto
682 2611 855 2707 circulos
872 2620 909 2695 A
926 2616 979 2714 C,
1005 2616 1040 2693 E
1059 2615 1105 2715 F,
1133 2615 1169 2694 Y
1184 2613 1221 2694 Z
1242 2615 1480 2724 caeterosque

324 2737 368 2821 in
401 2734 571 2820 alternas
598 2755 730 2845 partes
762 2733 875 2838 juxta
902 2732 1062 2838 lineam,
1090 2760 1177 2843 qua
1200 2760 1270 2844 per
1294 2736 1479 2820 omnium

325 2870 461 2951 centra
477 2862 626 2970 transit,
656 2861 829 2946 maxime
851 2861 1028 2965 extendi,
1054 2860 1350 2949 &abinvicem
1374 2891 1480 2951 rece·

325 2998 430 3100 dete,
457 3013 671 3104 antequam
704 2989 907 3101 attingant
934 2988 1134 3099 parallelas
1170 2987 1294 3078 retias
1325 2996 1410 3078 AB
1441 2999 1481 3084 a

324 3129 364 3212 C
382 3129 436 3229 D,
466 3121 704 3234 quibuscum
732 3121 868 3231 imago
901 3119 967 3202 illa
1002 3121 1193 3232 utrinque
1227 3124 1477 3209 terminatur.

324 3251 388 3337 Sic
407 3257 445 3336 A
466 3254 504 3335 C
523 3254 562 3337 dc
581 3254 615 3334 E
635 3251 680 3352 F,
707 3247 744 3334 se
777 3268 923 3333 mutuo
952 3247 1124 3353 secantes
1142 3251 1184 3334 iii
1208 3253 1251 3334 H
1265 3253 1303 3335 8(
1319 3254 1353 3356 1,
1376 3279 1480 3337 rece·

322 3379 425 3462 dunt
446 3376 591 3488 postea,
618 3400 700 3458 non
721 3376 891 3460 omnino
910 3373 1179 3461 coincidentes
1205 3376 1248 3460 iii
1268 3376 1480 3488 triangulis

324 3514 362 3593 A
383 3508 424 3590 H
445 3511 479 3590 E
506 3508 543 3592 8(
564 3508 602 3589 C
621 3505 641 3586 I
659 3505 705 3587 F.
760 3501 931 3588 Colores
969 3505 1106 3615 itaque
1137 3508 1249 3612 juxta
1280 3501 1480 3615 ipsissimas

323 3634 594 3720 extremitates
627 3634 712 3718 AB
748 3635 786 3717 di
817 3637 855 3716 C
875 3639 914 3716 D
953 3636 1043 3716 sunt
1078 3634 1249 3717 omnino
1276 3631 1479 3740 simplices.

324 3763 378 3840 Et
404 3784 453 3838 ex
473 3757 549 3842 hoc
576 3755 838 3842 fundamento
873 3755 1120 3863 propositum
1147 3751 1292 3865 assequi
1319 3754 1480 3866 polleni,

324 3879 388 3961 sed
413 3880 550 3962 circuli
571 3881 642 3985 illi,
669 3880 800 3964 statim
820 3902 866 3966 ur
891 3881 940 3964 ab
959 3875 1281 3961 extremitatibus
1303 3878 1393 3988 ipsis
1417 3908 1480 3961 re·

325 4004 487 4105 cedunt,
510 4002 616 4084 inter
640 4003 677 4085 se
703 4027 848 4089 mutuo
878 4003 997 4089 nimis
1028 3999 1328 4105 interseruntur,
1357 4027 1481 4110 quani

325 4158 371 4222 ut
391 4129 545 4221 colores
570 4157 640 4244 per
660 4131 837 4243 aliquam
861 4127 1079 4344 seqsibilem
1112 4129 1366 4216 latitudinem
1392 4124 1480 4344 sati}

1429 4285 1451 4343 a
