4058 5258
555 357 663 495 276
926 341 1024 447 Du
1061 339 1318 451 Vnntto
1511 346 1611 450 Par.
1646 347 1713 451 Π.

558 569 686 684 gradu
701 567 803 658 lucis
820 558 1032 654 differant:
1073 558 1157 649 Etfi
1175 559 1347 653 aiterum
1368 588 1454 648 non
1474 560 1523 648 fit
1548 565 1719 653 omnino

558 698 737 809 nigrum,
763 716 899 782 tamen
921 691 1076 778 colores
1097 689 1359 799 apparebunt,
1385 688 1428 772 in
1444 716 1589 776 eorum
1606 720 1722 780 com·

560 828 675 912 muni
695 823 871 913 termino
884 816 1030 905 rubeus
1044 817 1261 930 quidem&
1278 813 1406 901 flavus
1425 843 1518 902 cnm
1534 817 1717 906 obstacu-

562 954 649 1043 lum
665 956 716 1041 ad
734 973 866 1066 partes
892 945 1026 1035 versus
1048 943 1255 1053 objetiutn
1271 943 1491 1051 obscurius,
1513 947 1727 1036 violaceus.

561 1104 698 1171 autent
727 1086 768 1170 u
791 1076 979 1168 caeruleus
999 1099 1095 1161 cum
1123 1072 1174 1157 ad
1203 1094 1334 1185 partes
1357 1070 1492 1160 versus
1514 1070 1727 1184 objediunn

562 1209 734 1298 lucidius
750 1203 1037 1318 interponitur.
1094 1204 1150 1286 Et
1164 1220 1212 1284 ut
1223 1200 1356 1310 paucis
1369 1200 1565 1285 rationem
1583 1204 1724 1290 denuo

562 1333 915 1448 comprehendant,
941 1322 1089 1418 necess'e
1117 1325 1189 1430 est,
1214 1349 1260 1413 ut
1291 1327 1391 1413 radii
1417 1355 1467 1414 ex
1490 1330 1721 1442 unaqudvis

563 1484 679 1575 parte
713 1459 872 1574 pupilla
895 1453 1050 1543 colotes
1084 1451 1326 1564 producant,
1341 1482 1436 1540 cum
1458 1454 1558 1539 radii
1581 1483 1632 1540 ex
1649 1455 1721 1540 ad·

566 1589 679 1679 versa
710 1610 822 1700 parto
855 1584 1056 1689 ststuuttu,
1083 1607 1108 1665 a
1139 1605 1317 1692 quorum
1346 1580 1530 1667 omnium
1554 1581 1719 1670 mistura

567 1721 700 1807 oritur
725 1732 1090 1826 temperamentum
1115 1705 1324 1797 albedinis.
1380 1718 1448 1799 An
1470 1709 1602 1803 ,isthac
1620 1735 1719 1795 veto

566 1843 825 1957 phenontena
847 1838 973 1951 vulgo
988 1834 1263 1945 obsetvbntun
1280 1838 1499 1931 huudscio..
1519 1842 1620 1927 Sane
1639 1862 1722 1922 non

565 1973 658 2054 finnt
672 1970 847 2052 inventu
858 1990 934 2049 nec
961 1980 1131 2071 eapettu
1158 1981 1243 2053 tam
1269 1959 1471 2071 difficilia,
1493 1991 1566 2053 nec
1584 1961 1635 2048 ab
1661 1959 1728 2054 iis,

566 2119 656 2205 quae
673 2085 876 2174 Cartefius
888 2087 959 2173 snb
977 2085 1058 2173 fine
1070 2083 1213 2192 capitis
1233 2087 1441 2175 undecimi
1452 2089 1503 2172 de
1521 2087 1731 2174 Meteoris

301 2195 305 2203 ⁴
424 2208 432 2219 ¹
567 2208 742 2317 edocuit,
777 2223 863 2290 tam
892 2205 1034 2306 atiena,
1062 2206 1164 2312 quin
1193 2207 1385 2315 cuiquam
1409 2206 1626 2312 potuiisent
1653 2236 1725 2295 oc·

569 2364 761 2443 currere,
784 2327 859 2419 nist
882 2327 988 2415 forte
1017 2326 1134 2438 quod
1150 2325 1307 2413 colores
1331 2328 1390 2412 ilii
1408 2350 1573 2441 propter
1589 2336 1726 2421 tenui·

572 2491 701 2559 tatem
729 2462 800 2548 vix
838 2455 914 2544 sint
948 2450 1155 2541 senfibites.
1220 2456 1553 2568 Experimentunt
1590 2458 1733 2576 itaque

573 2594 644 2681 fiat
663 2617 734 2703 per
753 2582 910 2696 objetia
938 2579 1174 2694 longinqua,
1198 2607 1378 2693 qnorum
1406 2581 1579 2672 alterum
1603 2587 1648 2673 sn
1664 2568 1728 2674 ni·

573 2721 794 2834 gerrimum
819 2718 858 2803 8c
885 2712 1058 2798 alterum
1083 2708 1173 2793 satis
1194 2711 1412 2798 candidum
1430 2713 1485 2797 ad.
1503 2713 1730 2804 feriendum

472 2927 475 2933 ,
572 2847 743 2950 sensum,
766 2841 831 2933 sed
851 2865 933 2926 non
951 2836 1065 2929 tamt
1096 2832 1187 2923 luce
1213 2834 1484 2948 resplendens,¹
1503 2863 1551 2927 ut
1575 2840 1731 2947 sensnm

575 2973 776 3062 obtundat
804 2963 871 3050 vel
900 2962 1091 3074 pupillam
1128 2960 1386 3074 constringat.
1440 2968 1550 3051 Natn
1596 2967 1729 3077 hujus·

572 3096 688 3187 modi
713 3088 878 3178 effedus
905 3085 997 3176 sunt
1017 3114 1068 3174 eo
1084 3087 1210 3198 magis
1232 3090 1442 3201 manifesti,
1467 3121 1552 3206 quo
1578 3094 1731 3205 pupilla

448 3213 450 3217 ’
575 3223 623 3308 fit
647 3221 851 3328 latina&
880 3216 1023 3326 majori
1051 3217 1240 3327 aperturi
1266 3219 1387 3309 indiis
1414 3222 1729 3331 ingredientibus

574 3364 726 3455 pateat..

489 3660 492 3665 ,
628 3597 757 3691 suna
787 3591 827 3681 8(
855 3586 923 3674 atii
957 3588 1192 3702 indigniores
1222 3584 1401 3700 effeetus,
1437 3599 1566 3685 irides.
1585 3628 1731 3712 nempe

573 3722 642 3812 uel
672 3720 842 3827 colotes,
876 3713 1016 3831 quales
1053 3720 1109 3807 D.v
1134 3712 1334 3805 eartefius
1375 3722 1481 3812 circa
1524 3726 1732 3819 candelam

576 3848 784 3965 quondam
801 3844 1050 3952 observabat,
1066 3849 1105 3935 dc
1121 3845 1164 3929 in
1182 3844 1384 3933 Meteoris
1403 3852 1606 3963 explicuit.
1661 3861 1739 3974 Et„

485 4020 490 4028 ·
576 4002 670 4070 cum
692 3970 773 4057 illa
794 3970 930 4057 solent·
948 3996 1156 4082 apparere,
1179 3974 1352 4081 qnando·
1375 3981 1483 4065 oculi
1515 3978 1641 4094 figura
1657 3981 1731 4067 211.

576 4097 721 4221 quinti
739 4096 980 4194 extrinsecos
1006 4098 1129 4189 allatu.
1153 4095 1322 4187 uitiatur
1335 4132 1358 4209 3,
1375 4101 1521 4197 neceffe
1540 4105 1618 4215 est„
1637 4130 1685 4192 ut
1705 4141 1730 4195 a

1638 4259 1740 4321 cur·-
