4028 5252
263 418 401 530 sest.
444 418 482 521 1.
557 413 1260 516 Rernnuornrtrrns.
1373 330 1450 546 15¹

270 635 500 748 utrobique
518 628 729 741 fallarum,
757 631 837 718 five
869 627 970 716 radii
1002 627 1244 740 emergentis
1269 626 1319 714 ad
1339 631 1441 719 inci·

269 769 438 855 dentem
461 758 686 867 inclinatio,
712 757 849 845 evadit
874 754 1060 842 omnium
1086 754 1265 842 minima.
1317 760 1443 865 Quod

269 918 368 978 cum
405 885 552 975 accidit
585 882 844 971 refrastiones
880 880 1100 993 utrobique
1134 878 1225 968 sunt
1258 881 1441 998 equales,

271 1017 337 1103 uti
351 1014 517 1127 posthac
528 1009 879 1100 demonstrabitur.

88 1392 93 1399 ·
214 1310 217 1316 Ι
283 1359 370 1465 Xl.
408 1358 638 1505 imaginis
680 1348 880 1499 prefate
928 1349 1099 1505 figura
1150 1350 1437 1495 describitur,

349 1554 444 1677 qun
482 1519 667 1663 partim
702 1517 860 1648 ullis,
911 1517 1097 1661 partim
1143 1515 1443 1656 semicirculis·

351 1666 670 1825 comprehensa
685 1671 766 1825 esta

328 1929 575 2019 Curnnuu
596 1900 865 2041 eirperimeuti
887 1930 1006 2040 hujus
1024 1925 1155 2016 varias
1176 1928 1437 2018 circumstan-

271 2054 362 2164 tias,
389 2083 470 2143 non
490 2056 624 2143 minus
649 2056 844 2165 jucundas
866 2054 1086 2167 experienti
1100 2080 1222 2169 quam
1239 2057 1440 2167 proposui

269 2182 394 2270 nostri
427 2184 679 2292 indicativae,
718 2183 907 2299 prosequi
948 2185 1029 2294 jam
1062 2184 1218 2269 animus
1249 2182 1320 2270 est.
1377 2188 1434 2272 Et

270 2310 445 2420 primurn
463 2312 693 2399 notandum
711 2315 841 2421 venit,
868 2312 981 2425 quod
996 2312 1183 2423 imaginis
1200 2311 1310 2397 istius
1329 2311 1433 2424 figu-

272 2463 327 2543 re,
353 2436 570 2526 secundum
602 2440 906 2554 longitudinem
940 2439 1049 2527 suam
1077 2439 1194 2529 lineis
1218 2438 1336 2528 tellis
1352 2463 1436 2527 ter·

274 2561 424 2647 minata
454 2562 609 2669 iniq&
639 2565 856 2653 secundum
887 2566 1138 2653 latitudinem
1174 2565 1333 2653 duobus
1360 2566 1431 2672 (ut

276 2711 328 2766 err
343 2683 431 2767 visu
463 2691 581 2794 potui
596 2692 790 2803 iudicare)
817 2694 1084 2782 semicirculis.
1139 2696 1189 2778 In
1218 2693 1357 2801 figuti,
1375 2705 1429 2794 ςῑει

275 2807 325 2894 lit
347 2808 441 2894 PT
472 2814 611 2925 imago
633 2816 726 2904 solis
753 2822 937 2932 prilrnate
960 2817 1149 2926 restrum
1176 2820 1278 2904 hanc
1301 2814 1432 2901 obser-

272 2937 415 3027 ubam
439 2943 490 3029 ad
517 2940 639 3032 latera
667 2948 822 3038 duabus
853 2952 970 3042 lineis
1003 2954 1093 3041 AB
1116 2954 1156 3040 81
1177 2951 1217 3038 C
1236 2952 1276 3035 D
1293 2948 1439 3061 quoad*

271 3065 420 3155 sensum
434 3068 554 3158 tellis
569 3077 608 3165 δι
625 3073 696 3164 srbi
712 3079 907 3191 parallelis
931 3080 1150 3190 terminari,
1176 3079 1227 3166 ad
1242 3081 1431 3167 extremi·

148 3208 168 3225 “
272 3216 373 3283 tates
398 3223 534 3287 autem
562 3205 721 3294 duobus
745 3208 1002 3299 semicirculis
1032 3221 1072 3300 A
1088 3214 1175 3299 PC
1209 3213 1248 3299 8(
1273 3211 1361 3296 BT
1374 3215 1429 3317 D,

271 3328 382 3431 cujus
419 3330 589 3445 quidem
615 3360 785 3430 eventus
814 3341 926 3431 causa
959 3372 1010 3433 ex
1039 3339 1345 3455 premonstratis
1378 3336 1442 3423 fic.

84 3474 93 3489 ·
270 3453 592 3549 determinatur..
