<?xml version="1.0" encoding="UTF-8"?>
<!DOCTYPE html PUBLIC "-//W3C//DTD XHTML 1.0 Transitional//EN"
    "http://www.w3.org/TR/xhtml1/DTD/xhtml1-transitional.dtd">
<html xmlns="http://www.w3.org/1999/xhtml" xml:lang="en" lang="en">
 <head>
  <title>
</title>
<meta http-equiv="Content-Type" content="text/html;charset=utf-8" />
  <meta name='ocr-system' content='tesseract 3.04.00' />
  <meta name='ocr-capabilities' content='ocr_page ocr_carea ocr_par ocr_line ocrx_word'/>
</head>
<body>
  <div class='ocr_page' id='page_1' title='image "./isaacinewtonieq01newtgoog_0195.png"; bbox 0 0 4128 5240; ppageno 0'>
   <div class='ocr_carea' id='block_1_1' title="bbox 550 299 1711 478">
    <p class='ocr_par' dir='ltr' id='par_1_1' title="bbox 550 299 1711 478">
     <span class='ocr_line' id='line_1_1' title="bbox 550 299 1711 478; baseline -0.028 -36"><span class='ocrx_word' id='word_1_1' title='bbox 550 336 659 478; x_wconf 64' lang='lat'>,136</span> <span class='ocrx_word' id='word_1_2' title='bbox 838 299 1383 424; x_wconf 80' lang='lat' dir='ltr'>Dn-Cunvnnun</span> <span class='ocrx_word' id='word_1_3' title='bbox 1535 306 1711 411; x_wconf 62' lang='lat' dir='ltr'>Pani</span> 
     </span>
    </p>
   </div>
   <div class='ocr_carea' id='block_1_2' title="bbox 549 525 1719 1549">
    <p class='ocr_par' dir='ltr' id='par_1_2' title="bbox 549 525 1719 1549">
     <span class='ocr_line' id='line_1_2' title="bbox 549 525 1713 664; baseline -0.025 -24"><span class='ocrx_word' id='word_1_4' title='bbox 549 556 605 645; x_wconf 88' lang='lat' dir='ltr'>dii</span> <span class='ocrx_word' id='word_1_5' title='bbox 620 543 780 664; x_wconf 82' lang='lat' dir='ltr'>poffunt</span> <span class='ocrx_word' id='word_1_6' title='bbox 795 536 988 628; x_wconf 79' lang='lat' dir='ltr'>transilire</span> <span class='ocrx_word' id='word_1_7' title='bbox 1007 532 1085 620; x_wconf 92' lang='lat' dir='ltr'>hoc</span> <span class='ocrx_word' id='word_1_8' title='bbox 1109 527 1278 640; x_wconf 85' lang='lat' dir='ltr'>spatium</span> <span class='ocrx_word' id='word_1_9' title='bbox 1295 559 1308 633; x_wconf 82' lang='lat'>3</span> <span class='ocrx_word' id='word_1_10' title='bbox 1333 525 1432 637; x_wconf 87' lang='lat' dir='ltr'>quia</span> <span class='ocrx_word' id='word_1_11' title='bbox 1446 553 1542 613; x_wconf 87' lang='lat' dir='ltr'>curn</span> <span class='ocrx_word' id='word_1_12' title='bbox 1558 554 1580 612; x_wconf 88' lang='lat'><em>0</em></span> <span class='ocrx_word' id='word_1_13' title='bbox 1598 531 1651 640; x_wconf 87' lang='lat' dir='ltr'>Q</span> <span class='ocrx_word' id='word_1_14' title='bbox 1665 525 1713 614; x_wconf 86' lang='lat' dir='ltr'>[it</span> 
     </span>
     <span class='ocr_line' id='line_1_3' title="bbox 549 650 1717 769; baseline -0.027 0"><span class='ocrx_word' id='word_1_15' title='bbox 549 686 592 769; x_wconf 93' lang='lat' dir='ltr'>in</span> <span class='ocrx_word' id='word_1_16' title='bbox 621 680 716 766; x_wconf 67' lang='lat' dir='ltr'>dati</span> <span class='ocrx_word' id='word_1_17' title='bbox 753 672 909 757; x_wconf 86' lang='lat' dir='ltr'>ratione</span> <span class='ocrx_word' id='word_1_18' title='bbox 945 665 994 750; x_wconf 88' lang='lat' dir='ltr'>ad</span> <span class='ocrx_word' id='word_1_19' title='bbox 1020 668 1103 765; x_wconf 83' lang='lat' dir='ltr'>Ko,</span> <span class='ocrx_word' id='word_1_20' title='bbox 1140 655 1297 764; x_wconf 91' lang='lat' dir='ltr'>eritque</span> <span class='ocrx_word' id='word_1_21' title='bbox 1329 653 1417 758; x_wconf 85' lang='lat' dir='ltr'>oQ</span> <span class='ocrx_word' id='word_1_22' title='bbox 1438 650 1555 739; x_wconf 80' lang='lat' dir='ltr'>simul</span> <span class='ocrx_word' id='word_1_23' title='bbox 1591 654 1717 742; x_wconf 87' lang='lat' dir='ltr'>maxi·</span> 
     </span>
     <span class='ocr_line' id='line_1_4' title="bbox 550 778 1719 911; baseline -0.044 -17"><span class='ocrx_word' id='word_1_24' title='bbox 550 834 680 911; x_wconf 88' lang='lat' dir='ltr'>mum,</span> <span class='ocrx_word' id='word_1_25' title='bbox 719 802 901 904; x_wconf 84' lang='lat' dir='ltr'>adeoque</span> <span class='ocrx_word' id='word_1_26' title='bbox 936 784 1132 897; x_wconf 74' lang='lat' dir='ltr'>punctum</span> <span class='ocrx_word' id='word_1_27' title='bbox 1159 780 1411 888; x_wconf 89' lang='lat' dir='ltr'>Qomnium</span> <span class='ocrx_word' id='word_1_28' title='bbox 1440 778 1576 862; x_wconf 85' lang='lat' dir='ltr'>versus</span> <span class='ocrx_word' id='word_1_29' title='bbox 1601 786 1635 865; x_wconf 85' lang='lat' dir='ltr'><strong>F</strong></span> <span class='ocrx_word' id='word_1_30' title='bbox 1662 783 1719 884; x_wconf 73' lang='lat' dir='ltr'>ja.</span> 
     </span>
     <span class='ocr_line' id='line_1_5' title="bbox 556 900 1719 1021; baseline -0.034 1"><span class='ocrx_word' id='word_1_31' title='bbox 556 932 738 1021; x_wconf 89' lang='lat' dir='ltr'>centium</span> <span class='ocrx_word' id='word_1_32' title='bbox 768 912 1077 1004; x_wconf 84' lang='lat' dir='ltr'>remotiffimum</span> <span class='ocrx_word' id='word_1_33' title='bbox 1108 906 1157 989; x_wconf 88' lang='lat' dir='ltr'>ab</span> <span class='ocrx_word' id='word_1_34' title='bbox 1181 931 1268 1014; x_wconf 83' lang='lat' dir='ltr'>axe,</span> <span class='ocrx_word' id='word_1_35' title='bbox 1293 904 1335 989; x_wconf 91' lang='lat' dir='ltr'>in</span> <span class='ocrx_word' id='word_1_36' title='bbox 1353 900 1585 1012; x_wconf 81' lang='lat' dir='ltr'>quoradius</span> <span class='ocrx_word' id='word_1_37' title='bbox 1611 902 1719 1015; x_wconf 90' lang='lat' dir='ltr'>quis·</span> 
     </span>
     <span class='ocr_line' id='line_1_6' title="bbox 552 1023 1718 1170; baseline -0.033 -24"><span class='ocrx_word' id='word_1_38' title='bbox 552 1084 675 1170; x_wconf 87' lang='lat' dir='ltr'>quam</span> <span class='ocrx_word' id='word_1_39' title='bbox 690 1045 891 1138; x_wconf 84' lang='lat' dir='ltr'>concurrit</span> <span class='ocrx_word' id='word_1_40' title='bbox 905 1064 999 1125; x_wconf 90' lang='lat' dir='ltr'>cum</span> <span class='ocrx_word' id='word_1_41' title='bbox 1017 1056 1188 1120; x_wconf 85' lang='lat' dir='ltr'>externo</span> <span class='ocrx_word' id='word_1_42' title='bbox 1204 1031 1317 1117; x_wconf 88' lang='lat' dir='ltr'>radio</span> <span class='ocrx_word' id='word_1_43' title='bbox 1332 1031 1377 1115; x_wconf 95' lang='lat' dir='ltr'>N</span> <span class='ocrx_word' id='word_1_44' title='bbox 1397 1035 1460 1133; x_wconf 87' lang='lat' dir='ltr'>K;</span> <span class='ocrx_word' id='word_1_45' title='bbox 1478 1054 1609 1139; x_wconf 89' lang='lat' dir='ltr'>neque</span> <span class='ocrx_word' id='word_1_46' title='bbox 1630 1023 1718 1137; x_wconf 84' lang='lat' dir='ltr'>poi·</span> 
     </span>
     <span class='ocr_line' id='line_1_7' title="bbox 552 1154 1718 1276; baseline -0.032 -5"><span class='ocrx_word' id='word_1_47' title='bbox 552 1183 645 1269; x_wconf 83' lang='lat' dir='ltr'>sunt</span> <span class='ocrx_word' id='word_1_48' title='bbox 678 1183 718 1265; x_wconf 86' lang='lat' dir='ltr'>in</span> <span class='ocrx_word' id='word_1_49' title='bbox 750 1176 881 1260; x_wconf 78' lang='lat' dir='ltr'>minus</span> <span class='ocrx_word' id='word_1_50' title='bbox 899 1162 1079 1276; x_wconf 25' lang='lat' dir='ltr'>*spatium</span> <span class='ocrx_word' id='word_1_51' title='bbox 1109 1158 1359 1270; x_wconf 86' lang='lat' dir='ltr'>congregari,</span> <span class='ocrx_word' id='word_1_52' title='bbox 1382 1158 1481 1267; x_wconf 85' lang='lat' dir='ltr'>quia</span> <span class='ocrx_word' id='word_1_53' title='bbox 1498 1154 1597 1238; x_wconf 84' lang='lat' dir='ltr'>radii</span> <span class='ocrx_word' id='word_1_54' title='bbox 1615 1156 1659 1238; x_wconf 91' lang='lat' dir='ltr'>N</span> <span class='ocrx_word' id='word_1_55' title='bbox 1678 1159 1718 1242; x_wconf 85' lang='lat' dir='ltr'>K</span> 
     </span>
     <span class='ocr_line' id='line_1_8' title="bbox 553 1277 1717 1397; baseline -0.035 1"><span class='ocrx_word' id='word_1_56' title='bbox 553 1314 593 1397; x_wconf 99' lang='grc'>8(</span> <span class='ocrx_word' id='word_1_57' title='bbox 626 1307 680 1391; x_wconf 91' lang='grc' dir='ltr'><strong>Μ</strong></span> <span class='ocrx_word' id='word_1_58' title='bbox 700 1309 738 1388; x_wconf 89' lang='grc' dir='ltr'><strong>Κ</strong></span> <span class='ocrx_word' id='word_1_59' title='bbox 763 1299 891 1384; x_wconf 87' lang='lat' dir='ltr'>secant</span> <span class='ocrx_word' id='word_1_60' title='bbox 922 1309 1111 1375; x_wconf 82' lang='lat' dir='ltr'>externos</span> <span class='ocrx_word' id='word_1_61' title='bbox 1144 1284 1276 1369; x_wconf 89' lang='lat' dir='ltr'>radios</span> <span class='ocrx_word' id='word_1_62' title='bbox 1310 1284 1353 1368; x_wconf 91' lang='lat' dir='ltr'>in</span> <span class='ocrx_word' id='word_1_63' title='bbox 1373 1277 1534 1395; x_wconf 58' lang='lat' dir='ltr'>punctis</span> <span class='ocrx_word' id='word_1_64' title='bbox 1553 1284 1586 1364; x_wconf 91' lang='lat' dir='ltr'>P</span> <span class='ocrx_word' id='word_1_65' title='bbox 1601 1283 1640 1369; x_wconf 84' lang='grc'>8(</span> <span class='ocrx_word' id='word_1_66' title='bbox 1655 1282 1717 1389; x_wconf 86' lang='lat' dir='ltr'>Q,</span> 
     </span>
     <span class='ocr_line' id='line_1_9' title="bbox 556 1412 1266 1549; baseline -0.046 -26"><span class='ocrx_word' id='word_1_67' title='bbox 556 1432 705 1549; x_wconf 88' lang='lat' dir='ltr'>quibus</span> <span class='ocrx_word' id='word_1_68' title='bbox 722 1424 891 1539; x_wconf 86' lang='lat' dir='ltr'>spatium</span> <span class='ocrx_word' id='word_1_69' title='bbox 905 1421 936 1502; x_wconf 91' lang='lat' dir='ltr'>P</span> <span class='ocrx_word' id='word_1_70' title='bbox 952 1412 1266 1522; x_wconf 86' lang='lat' dir='ltr'>Qterminatur.</span> 
     </span>
    </p>
   </div>
   <div class='ocr_carea' id='block_1_3' title="bbox 558 1663 1724 2424">
    <p class='ocr_par' dir='ltr' id='par_1_3' title="bbox 558 1663 1724 2424">
     <span class='ocr_line' id='line_1_10' title="bbox 611 1663 1719 1777; baseline -0.032 0"><span class='ocrx_word' id='word_1_71' title='bbox 611 1694 802 1777; x_wconf 74' lang='lat' dir='ltr'>Conon·</span> <span class='ocrx_word' id='word_1_72' title='bbox 831 1681 870 1763; x_wconf 81' lang='lat'>8.</span> <span class='ocrx_word' id='word_1_73' title='bbox 898 1678 941 1758; x_wconf 84' lang='lat' dir='ltr'>Sr</span> <span class='ocrx_word' id='word_1_74' title='bbox 964 1663 1104 1754; x_wconf 85' lang='lat' dir='ltr'>circuli</span> <span class='ocrx_word' id='word_1_75' title='bbox 1123 1665 1167 1750; x_wconf 92' lang='lat' dir='ltr'>N</span> <span class='ocrx_word' id='word_1_76' title='bbox 1186 1665 1293 1748; x_wconf 90' lang='grc' dir='ltr'>ΒΜ</span> <span class='ocrx_word' id='word_1_77' title='bbox 1320 1680 1504 1776; x_wconf 83' lang='lat' dir='ltr'>apertura</span> <span class='ocrx_word' id='word_1_78' title='bbox 1527 1678 1719 1767; x_wconf 86' lang='lat' dir='ltr'>augeatur</span> 
     </span>
     <span class='ocr_line' id='line_1_11' title="bbox 559 1786 1720 1913; baseline -0.023 -16"><span class='ocrx_word' id='word_1_79' title='bbox 559 1814 625 1897; x_wconf 89' lang='lat' dir='ltr'>vel</span> <span class='ocrx_word' id='word_1_80' title='bbox 656 1815 874 1913; x_wconf 86' lang='lat' dir='ltr'>minuatur,</span> <span class='ocrx_word' id='word_1_81' title='bbox 901 1821 1011 1890; x_wconf 87' lang='lat' dir='ltr'>error</span> <span class='ocrx_word' id='word_1_82' title='bbox 1044 1791 1220 1878; x_wconf 85' lang='lat' dir='ltr'>lateralis</span> <span class='ocrx_word' id='word_1_83' title='bbox 1254 1797 1356 1904; x_wconf 93' lang='lat' dir='ltr'>PQ</span> <span class='ocrx_word' id='word_1_84' title='bbox 1378 1790 1514 1891; x_wconf 79' lang='lat' dir='ltr'>eritut</span> <span class='ocrx_word' id='word_1_85' title='bbox 1529 1812 1565 1894; x_wconf 75' lang='lat' dir='ltr'><em>y</em></span> <span class='ocrx_word' id='word_1_86' title='bbox 1585 1796 1612 1895; x_wconf 82' lang='lat'>³,</span> <span class='ocrx_word' id='word_1_87' title='bbox 1642 1786 1720 1871; x_wconf 84' lang='lat' dir='ltr'>five</span> 
     </span>
     <span class='ocr_line' id='line_1_12' title="bbox 558 1913 1724 2032; baseline -0.022 -9"><span class='ocrx_word' id='word_1_88' title='bbox 558 1961 606 2023; x_wconf 92' lang='lat' dir='ltr'>ut</span> <span class='ocrx_word' id='word_1_89' title='bbox 624 1938 753 2022; x_wconf 87' lang='lat' dir='ltr'>cu&#39;bus</span> <span class='ocrx_word' id='word_1_90' title='bbox 777 1926 998 2018; x_wconf 90' lang='lat' dir='ltr'>latitudinis</span> <span class='ocrx_word' id='word_1_91' title='bbox 1014 1942 1206 2032; x_wconf 81' lang='lat' dir='ltr'>aperturae</span> <span class='ocrx_word' id='word_1_92' title='bbox 1227 1923 1350 2013; x_wconf 89' lang='grc' dir='ltr'>ΝΜ.</span> <span class='ocrx_word' id='word_1_93' title='bbox 1406 1920 1510 2001; x_wconf 88' lang='lat' dir='ltr'>Item</span> <span class='ocrx_word' id='word_1_94' title='bbox 1529 1913 1557 1998; x_wconf 90' lang='lat' dir='ltr'>sr</span> <span class='ocrx_word' id='word_1_95' title='bbox 1576 1917 1724 2000; x_wconf 90' lang='lat' dir='ltr'>immu-</span> 
     </span>
     <span class='ocr_line' id='line_1_13' title="bbox 560 2041 1722 2167; baseline -0.023 -22"><span class='ocrx_word' id='word_1_96' title='bbox 560 2065 647 2146; x_wconf 71' lang='lat' dir='ltr'>tati</span> <span class='ocrx_word' id='word_1_97' title='bbox 677 2058 863 2167; x_wconf 63' lang='lat' dir='ltr'>aperturi</span> <span class='ocrx_word' id='word_1_98' title='bbox 910 2067 1090 2136; x_wconf 90' lang='lat' dir='ltr'>mutetur</span> <span class='ocrx_word' id='word_1_99' title='bbox 1136 2044 1277 2132; x_wconf 88' lang='lat' dir='ltr'>circuli</span> <span class='ocrx_word' id='word_1_100' title='bbox 1311 2041 1565 2151; x_wconf 84' lang='lat' dir='ltr'>magnitudo,</span> <span class='ocrx_word' id='word_1_101' title='bbox 1608 2062 1722 2121; x_wconf 87' lang='lat' dir='ltr'>error</span> 
     </span>
     <span class='ocr_line' id='line_1_14' title="bbox 560 2162 1720 2294; baseline -0.025 -23"><span class='ocrx_word' id='word_1_102' title='bbox 560 2190 591 2271; x_wconf 93' lang='lat' dir='ltr'>P</span> <span class='ocrx_word' id='word_1_103' title='bbox 608 2184 744 2294; x_wconf 91' lang='lat' dir='ltr'>Qerit</span> <span class='ocrx_word' id='word_1_104' title='bbox 770 2180 972 2289; x_wconf 85' lang='lat' dir='ltr'><strong>reciproce</strong></span> <span class='ocrx_word' id='word_1_105' title='bbox 987 2194 1034 2256; x_wconf 90' lang='lat' dir='ltr'>ut</span> <span class='ocrx_word' id='word_1_106' title='bbox 1053 2197 1080 2251; x_wconf 81' lang='lat' dir='ltr'>a</span> <span class='ocrx_word' id='word_1_107' title='bbox 1094 2196 1121 2250; x_wconf 81' lang='lat' dir='ltr'>a</span> <span class='ocrx_word' id='word_1_108' title='bbox 1139 2168 1217 2254; x_wconf 86' lang='lat' dir='ltr'>five</span> <span class='ocrx_word' id='word_1_109' title='bbox 1242 2191 1289 2253; x_wconf 91' lang='lat' dir='ltr'>ut</span> <span class='ocrx_word' id='word_1_110' title='bbox 1306 2170 1343 2250; x_wconf 90' lang='lat' dir='ltr'>C</span> <span class='ocrx_word' id='word_1_111' title='bbox 1362 2168 1397 2246; x_wconf 93' lang='lat' dir='ltr'><strong>B</strong></span> <span class='ocrx_word' id='word_1_112' title='bbox 1417 2190 1460 2274; x_wconf 87' lang='lat' dir='ltr'>q,</span> <span class='ocrx_word' id='word_1_113' title='bbox 1477 2162 1656 2271; x_wconf 89' lang='lat' dir='ltr'>adeoque</span> <span class='ocrx_word' id='word_1_114' title='bbox 1673 2180 1720 2242; x_wconf 93' lang='lat' dir='ltr'>ut</span> 
     </span>
     <span class='ocr_line' id='line_1_15' title="bbox 561 2287 1723 2424; baseline -0.028 -26"><span class='ocrx_word' id='word_1_115' title='bbox 561 2316 596 2398; x_wconf 91' lang='lat' dir='ltr'>B</span> <span class='ocrx_word' id='word_1_116' title='bbox 615 2316 646 2398; x_wconf 87' lang='lat' dir='ltr'><strong>F</strong></span> <span class='ocrx_word' id='word_1_117' title='bbox 667 2340 709 2424; x_wconf 86' lang='lat' dir='ltr'>q,</span> <span class='ocrx_word' id='word_1_118' title='bbox 737 2305 930 2421; x_wconf 78' lang='lat' dir='ltr'>siquidem</span> <span class='ocrx_word' id='word_1_119' title='bbox 963 2302 1001 2386; x_wconf 88' lang='lat' dir='ltr'>C</span> <span class='ocrx_word' id='word_1_120' title='bbox 1023 2298 1113 2381; x_wconf 84' lang='lat' dir='ltr'>B&amp;</span> <span class='ocrx_word' id='word_1_121' title='bbox 1132 2295 1214 2379; x_wconf 87' lang='lat' dir='ltr'>BF</span> <span class='ocrx_word' id='word_1_122' title='bbox 1244 2292 1319 2378; x_wconf 83' lang='lat' dir='ltr'>sint</span> <span class='ocrx_word' id='word_1_123' title='bbox 1350 2290 1391 2374; x_wconf 91' lang='lat' dir='ltr'>in</span> <span class='ocrx_word' id='word_1_124' title='bbox 1418 2288 1512 2375; x_wconf 78' lang='lat' dir='ltr'>dard</span> <span class='ocrx_word' id='word_1_125' title='bbox 1538 2287 1693 2371; x_wconf 86' lang='lat' dir='ltr'>ratione</span> <span class='ocrx_word' id='word_1_126' title='bbox 1712 2294 1723 2349; x_wconf 71' lang='grc' dir='ltr'>ἰ</span> 
     </span>
    </p>
   </div>
   <div class='ocr_carea' id='block_1_4' title="bbox 516 2417 1724 2608">
    <p class='ocr_par' dir='ltr' id='par_1_4' title="bbox 516 2417 1724 2608">
     <span class='ocr_line' id='line_1_16' title="bbox 516 2417 1724 2532; baseline -0.024 -9"><span class='ocrx_word' id='word_1_127' title='bbox 516 2456 522 2469; x_wconf 82' lang='grc'><em>’</em></span> <span class='ocrx_word' id='word_1_128' title='bbox 560 2437 621 2525; x_wconf 79' lang='lat' dir='ltr'>iin</span> <span class='ocrx_word' id='word_1_129' title='bbox 640 2462 739 2524; x_wconf 86' lang='lat' dir='ltr'>vero</span> <span class='ocrx_word' id='word_1_130' title='bbox 767 2436 804 2522; x_wconf 93' lang='grc'>8(</span> <span class='ocrx_word' id='word_1_131' title='bbox 828 2424 966 2518; x_wconf 90' lang='lat' dir='ltr'>circuli</span> <span class='ocrx_word' id='word_1_132' title='bbox 1000 2417 1241 2531; x_wconf 84' lang='lat' dir='ltr'>magnitudo</span> <span class='ocrx_word' id='word_1_133' title='bbox 1263 2421 1301 2505; x_wconf 90' lang='grc'>8(</span> <span class='ocrx_word' id='word_1_134' title='bbox 1320 2437 1505 2532; x_wconf 61' lang='lat' dir='ltr'>apertura</span> <span class='ocrx_word' id='word_1_135' title='bbox 1528 2432 1724 2499; x_wconf 63' lang='lat' dir='ltr'>mutetur,</span> 
     </span>
     <span class='ocr_line' id='line_1_17' title="bbox 1327 2539 1512 2608; baseline -0.043 0"><span class='ocrx_word' id='word_1_136' title='bbox 1327 2540 1364 2608; x_wconf 95' lang='lat' dir='ltr'>N</span> <span class='ocrx_word' id='word_1_137' title='bbox 1383 2540 1425 2607; x_wconf 89' lang='lat' dir='ltr'>M</span> <span class='ocrx_word' id='word_1_138' title='bbox 1440 2539 1512 2602; x_wconf 89' lang='lat' dir='ltr'>cub.</span> 
     </span>
    </p>
   </div>
   <div class='ocr_carea' id='block_1_5' title="bbox 564 2554 1724 2731">
    <p class='ocr_par' dir='ltr' id='par_1_5' title="bbox 564 2554 1724 2731">
     <span class='ocr_line' id='line_1_18' title="bbox 610 2554 1107 2624; baseline -0.04 0"><span class='ocrx_word' id='word_1_139' title='bbox 610 2605 621 2624; x_wconf 69' lang='grc' dir='ltr'><strong>ο</strong></span> <span class='ocrx_word' id='word_1_140' title='bbox 788 2600 797 2619; x_wconf 79' lang='grc'><strong>.</strong></span> <span class='ocrx_word' id='word_1_141' title='bbox 1094 2554 1107 2604; x_wconf 83' lang='lat'><em>³</em></span> 
     </span>
     <span class='ocr_line' id='line_1_19' title="bbox 564 2571 1724 2731; baseline -0.038 -38"><span class='ocrx_word' id='word_1_142' title='bbox 564 2626 641 2692; x_wconf 81' lang='lat' dir='ltr'>erat</span> <span class='ocrx_word' id='word_1_143' title='bbox 659 2626 770 2687; x_wconf 89' lang='lat' dir='ltr'>error</span> <span class='ocrx_word' id='word_1_144' title='bbox 785 2596 850 2684; x_wconf 84' lang='lat' dir='ltr'>dle</span> <span class='ocrx_word' id='word_1_145' title='bbox 867 2596 898 2679; x_wconf 90' lang='lat' dir='ltr'>P</span> <span class='ocrx_word' id='word_1_146' title='bbox 915 2594 1031 2700; x_wconf 85' lang='lat' dir='ltr'>Qut</span> <span class='ocrx_word' id='word_1_147' title='bbox 1057 2571 1121 2724; x_wconf 44' lang='grc' dir='ltr'>Ξῖ</span> <span class='ocrx_word' id='word_1_148' title='bbox 1148 2581 1226 2668; x_wconf 80' lang='lat' dir='ltr'>slve</span> <span class='ocrx_word' id='word_1_149' title='bbox 1254 2605 1301 2668; x_wconf 92' lang='lat' dir='ltr'>ut</span> <span class='ocrx_word' id='word_1_150' title='bbox 1328 2630 1556 2731; x_wconf 48' lang='lat' dir='ltr'>-B--ffiffl</span> <span class='ocrx_word' id='word_1_151' title='bbox 1582 2600 1724 2694; x_wconf 88' lang='lat' dir='ltr'>quem.</span> 
     </span>
    </p>
   </div>
   <div class='ocr_carea' id='block_1_6' title="bbox 566 2753 1726 2914">
    <p class='ocr_par' dir='ltr' id='par_1_6' title="bbox 566 2753 1726 2914">
     <span class='ocr_line' id='line_1_20' title="bbox 566 2753 1726 2914; baseline -0.017 -16"><span class='ocrx_word' id='word_1_152' title='bbox 566 2811 787 2900; x_wconf 86' lang='lat' dir='ltr'>admodum</span> <span class='ocrx_word' id='word_1_153' title='bbox 804 2835 852 2896; x_wconf 81' lang='lat' dir='ltr'>ex</span> <span class='ocrx_word' id='word_1_154' title='bbox 877 2753 985 2857; x_wconf 56' lang='lat' dir='ltr'><em>Q</em></span> <span class='ocrx_word' id='word_1_155' title='bbox 1012 2805 1149 2895; x_wconf 83' lang='lat' dir='ltr'>valore</span> <span class='ocrx_word' id='word_1_156' title='bbox 1179 2799 1298 2914; x_wconf 85' lang='lat' dir='ltr'>ipfius</span> <span class='ocrx_word' id='word_1_157' title='bbox 1327 2806 1359 2887; x_wconf 91' lang='lat' dir='ltr'>P</span> <span class='ocrx_word' id='word_1_158' title='bbox 1379 2803 1432 2910; x_wconf 88' lang='lat' dir='ltr'>Q</span> <span class='ocrx_word' id='word_1_159' title='bbox 1449 2795 1624 2885; x_wconf 88' lang='lat' dir='ltr'>constare</span> <span class='ocrx_word' id='word_1_160' title='bbox 1655 2821 1726 2906; x_wconf 91' lang='lat' dir='ltr'>po·</span> 
     </span>
    </p>
   </div>
   <div class='ocr_carea' id='block_1_7' title="bbox 569 2869 980 3060">
    <p class='ocr_par' dir='ltr' id='par_1_7' title="bbox 569 2869 980 3060">
     <span class='ocr_line' id='line_1_21' title="bbox 867 2869 980 2953; baseline -0.018 -19"><span class='ocrx_word' id='word_1_161' title='bbox 867 2869 980 2953; x_wconf 81' lang='lat' dir='ltr'>4laa</span> 
     </span>
     <span class='ocr_line' id='line_1_22' title="bbox 569 2972 657 3060; baseline -0.08 0"><span class='ocrx_word' id='word_1_162' title='bbox 569 2972 657 3060; x_wconf 86' lang='lat' dir='ltr'>test.</span> 
     </span>
    </p>
   </div>
   <div class='ocr_carea' id='block_1_8' title="bbox 520 3220 1784 3841">
    <p class='ocr_par' dir='ltr' id='par_1_8' title="bbox 520 3220 1784 3841">
     <span class='ocr_line' id='line_1_23' title="bbox 520 3220 1724 3336; baseline -0.007 -29"><span class='ocrx_word' id='word_1_163' title='bbox 520 3303 522 3307; x_wconf 74' lang='grc'>,</span> <span class='ocrx_word' id='word_1_164' title='bbox 626 3229 801 3317; x_wconf 73' lang='lat' dir='ltr'>Senon.</span> <span class='ocrx_word' id='word_1_165' title='bbox 829 3230 1000 3316; x_wconf 79' lang='lat' dir='ltr'>Eooau</span> <span class='ocrx_word' id='word_1_166' title='bbox 1025 3221 1107 3313; x_wconf 89' lang='lat' dir='ltr'>fere</span> <span class='ocrx_word' id='word_1_167' title='bbox 1137 3223 1282 3332; x_wconf 89' lang='lat' dir='ltr'>modo,</span> <span class='ocrx_word' id='word_1_168' title='bbox 1316 3250 1402 3336; x_wconf 93' lang='lat' dir='ltr'>quo</span> <span class='ocrx_word' id='word_1_169' title='bbox 1428 3220 1628 3305; x_wconf 88' lang='lat' dir='ltr'>radiorum</span> <span class='ocrx_word' id='word_1_170' title='bbox 1653 3238 1724 3320; x_wconf 83' lang='lat' dir='ltr'>pa·</span> 
     </span>
     <span class='ocr_line' id='line_1_24' title="bbox 569 3340 1724 3486; baseline -0.003 -62"><span class='ocrx_word' id='word_1_171' title='bbox 569 3346 701 3486; x_wconf 77' lang='lat' dir='ltr'>rallele</span> <span class='ocrx_word' id='word_1_172' title='bbox 731 3352 996 3437; x_wconf 87' lang='lat' dir='ltr'>incidentium</span> <span class='ocrx_word' id='word_1_173' title='bbox 1028 3379 1181 3437; x_wconf 89' lang='lat' dir='ltr'>errores</span> <span class='ocrx_word' id='word_1_174' title='bbox 1214 3354 1297 3437; x_wconf 84' lang='lat' dir='ltr'>KF</span> <span class='ocrx_word' id='word_1_175' title='bbox 1320 3352 1406 3436; x_wconf 88' lang='grc' dir='ltr'>8(Ρ</span> <span class='ocrx_word' id='word_1_176' title='bbox 1420 3350 1472 3455; x_wconf 92' lang='lat' dir='ltr'>Q</span> <span class='ocrx_word' id='word_1_177' title='bbox 1487 3340 1724 3427; x_wconf 82' lang='lat' dir='ltr'>determina·</span> 
     </span>
     <span class='ocr_line' id='line_1_25' title="bbox 572 3465 1784 3585; baseline -0.006 -30"><span class='ocrx_word' id='word_1_178' title='bbox 572 3497 721 3577; x_wconf 72' lang='lat' dir='ltr'>vimus,</span> <span class='ocrx_word' id='word_1_179' title='bbox 746 3473 967 3562; x_wconf 79' lang='lat' dir='ltr'>consimiles</span> <span class='ocrx_word' id='word_1_180' title='bbox 1001 3479 1302 3585; x_wconf 87' lang='lat' dir='ltr'>divergenrium</span> <span class='ocrx_word' id='word_1_181' title='bbox 1338 3475 1403 3563; x_wconf 89' lang='lat' dir='ltr'>vel</span> <span class='ocrx_word' id='word_1_182' title='bbox 1445 3465 1725 3579; x_wconf 83' lang='lat' dir='ltr'>convergenti·</span> <span class='ocrx_word' id='word_1_183' title='bbox 1781 3546 1784 3551; x_wconf 80' lang='grc'>,</span> 
     </span>
     <span class='ocr_line' id='line_1_26' title="bbox 567 3591 1726 3812; baseline 0 -135"><span class='ocrx_word' id='word_1_184' title='bbox 567 3622 666 3812; x_wconf 70' lang='lat' dir='ltr'>,umff</span> <span class='ocrx_word' id='word_1_185' title='bbox 674 3623 841 3709; x_wconf 83' lang='lat' dir='ltr'>errores,</span> <span class='ocrx_word' id='word_1_186' title='bbox 877 3599 972 3694; x_wconf 89' lang='lat' dir='ltr'>licet</span> <span class='ocrx_word' id='word_1_187' title='bbox 1002 3604 1157 3695; x_wconf 86' lang='lat' dir='ltr'>calculo</span> <span class='ocrx_word' id='word_1_188' title='bbox 1193 3601 1428 3712; x_wconf 87' lang='lat' dir='ltr'>difficiliori,</span> <span class='ocrx_word' id='word_1_189' title='bbox 1466 3591 1726 3687; x_wconf 79' lang='lat' dir='ltr'>determinari</span> 
     </span>
     <span class='ocr_line' id='line_1_27' title="bbox 569 3748 751 3841; baseline 0 -27"><span class='ocrx_word' id='word_1_190' title='bbox 569 3754 629 3841; x_wconf 62' lang='grc' dir='ltr'>ΡΟ</span> <span class='ocrx_word' id='word_1_191' title='bbox 660 3748 751 3814; x_wconf 71' lang='lat' dir='ltr'><strong>unt·</strong></span> 
     </span>
    </p>
   </div>
   <div class='ocr_carea' id='block_1_9' title="bbox 1005 3931 1201 4178">
    <p class='ocr_par' dir='ltr' id='par_1_9' title="bbox 1005 3931 1201 4178">
     <span class='ocr_line' id='line_1_28' title="bbox 1005 3931 1201 4097; baseline -0.015 1"><span class='ocrx_word' id='word_1_192' title='bbox 1005 3988 1160 4097; x_wconf 63' lang='lat' dir='ltr'>:uun</span> <span class='ocrx_word' id='word_1_193' title='bbox 1190 3931 1201 3947; x_wconf 76' lang='grc'>’</span> 
     </span>
     <span class='ocr_line' id='line_1_29' title="bbox 1024 4101 1146 4178; baseline 0 -11"><span class='ocrx_word' id='word_1_194' title='bbox 1024 4101 1146 4178; x_wconf 74' lang='lat' dir='ltr'>4ltaa</span> 
     </span>
    </p>
   </div>
   <div class='ocr_carea' id='block_1_10' title="bbox 0 0 2100 5240">
    <p class='ocr_par' dir='ltr' id='par_1_10' title="bbox 0 0 2100 5240">
     <span class='ocr_line' id='line_1_30' title="bbox 0 0 2100 5240; baseline 0 0"><span class='ocrx_word' id='word_1_195' title='bbox 0 0 2100 5240; x_wconf 95' lang='lat' dir='ltr'> </span> 
     </span>
    </p>
   </div>
  </div>
 </body>
</html>
