4058 5258
330 412 455 525 Sett.
494 405 556 514 Π.
591 410 870 511 'Cononun
908 395 1309 507 Pnnuonu'tus.
1381 398 1489 547 '283

209 686 213 694 ·
333 636 406 722 iris
455 648 624 742 propter
671 621 903 712 annularem
951 647 1093 733 rugam
1124 621 1315 726 accidere,
1364 625 1489 710 modo

332 760 477 848 tunicae
503 778 656 844 cornea
691 752 819 865 figura
853 751 897 837 in
932 749 1157 836 meditullio
1188 776 1273 837 non
1294 746 1411 836 simul
1429 752 1490 837 vi·

335 889 474 975 tietur.

389 1138 532 1246 Quor>
568 1130 708 1217 fiduae
736 1128 856 1217 itides
881 1149 1109 1243 appareant,
1137 1128 1298 1219 illudent
1316 1134 1490 1249 utrique

332 1264 449 1355 cause
473 1255 687 1370 conjurat
709 1259 928 1368 petendum
958 1259 1029 1367 est,
1053 1259 1201 1344 cornei
1228 1283 1375 1370 nempe
1398 1278 1489 1348 tunt

333 1393 378 1479 in
401 1392 537 1479 medio
564 1411 653 1475 tum
684 1387 796 1496 juxta
822 1386 1088 1499 peripheriam
1121 1384 1278 1497 pupilla
1308 1384 1491 1499 depressit

335 1520 386 1605 In
407 1518 519 1622 cujus
535 1514 591 1599 rei
603 1510 905 1599 illustrationem
921 1514 1177 1600 adhibeamus
1195 1514 1340 1621 casum,
1367 1534 1490 1625 quem

335 1640 537 1730 Cartesrus
560 1643 610 1726 de
630 1636 716 1750 ipso
741 1637 784 1722 in
809 1640 1012 1727 Meteotis
1031 1642 1134 1752 Cap.
1157 1668 1196 1750 9.
1211 1644 1262 1727 ad
1279 1640 1386 1728 hunc
1402 1669 1490 1728 moa

336 1773 435 1857 dum
455 1767 654 1858 describit.
712 1768 823 1853 Cum
838 1766 978 1877 nediu,
1003 1771 1152 1881 inquit,
1171 1771 1416 1884 navigarem,
1448 1776 1489 1863 u

333 1901 426 1984 toti
442 1898 511 1983 illst
528 1896 687 2009 vesperi
705 1919 826 2008 caput
844 1897 983 1985 cubito
1000 1899 1164 2008 innisus,
1185 1927 1307 1987 manu
1322 1902 1487 1989 oculum

333 2025 523 2109 dextrum
558 2019 783 2131 clausrffem,
810 2022 939 2110 altero
971 2026 1136 2112 interim
1164 2028 1298 2114 versus
1338 2028 1485 2116 coelum

331 2151 554 2263 respiciens,
579 2150 742 2238 candela
758 2152 829 2240 ubi
853 2162 961 2251 eram
979 2155 1094 2243 allata
1109 2155 1179 2264 est,
1207 2160 1243 2246 8r
1261 2173 1360 2245 tunc
1378 2182 1491 2270 apet-

329 2299 376 2367 to
407 2279 735 2392 utroqueocu10,
761 2281 865 2367 duos
888 2281 1059 2368 circulos
1077 2280 1279 2367 flammam
1294 2312 1490 2371 coronam

330 2426 390 2492 tes
406 2406 551 2517 aspexi,
578 2404 716 2491 colore
728 2422 813 2486 tam
827 2402 907 2488 acri
922 2409 962 2489 8(
979 2402 1140 2506 florido,
1167 2409 1292 2512 qu'am
1310 2433 1489 2519 unquam

331 2532 373 2614 in
403 2559 497 2617 arcu
523 2530 668 2619 coesesti
692 2555 758 2614 me
792 2522 930 2616 vidisse
948 2524 1128 2614 memini.
1184 2530 1268 2615 AB
1295 2527 1385 2641 (sig.
1397 2536 1488 2643 60.)

330 2655 386 2740 est
403 2657 611 2764 maximus,
633 2659 707 2771 qui
730 2652 852 2743 ruber
867 2676 952 2742 crat
976 2654 1017 2739 in
1039 2657 1092 2761 A,
1117 2654 1356 2743 &ceruleus
1370 2659 1411 2741 in
1430 2662 1486 2744 B:

330 2786 370 2867 C
389 2787 428 2867 D
448 2784 653 2891 minimus,
678 2785 752 2896 qui
770 2785 891 2871 etiam
910 2783 1029 2871 ruber
1042 2783 1085 2868 in
1104 2785 1157 2890 C,
1184 2781 1251 2868 scd
1268 2782 1383 2872 asbus
1397 2813 1485 2870 vers

332 2906 394 2996 sus
410 2918 465 3018 D,
482 2910 553 2998 ubi
568 2915 616 2998 ad
636 2911 837 3000 flammam
856 2914 978 3028 usque
994 2913 1297 3000 extendebatur.
1353 2916 1486 3004 Oculo

330 3040 477 3122 dextro
496 3038 629 3148 postea
648 3041 796 3124 iterum
812 3041 958 3147 clauso,
974 3043 1112 3126 notavi
1129 3040 1197 3126 has
1206 3070 1376 3130 coronas
1393 3073 1485 3131 eva·

329 3162 485 3249 nescere
498 3196 509 3266 ;
523 3167 714 3250 &contra
730 3165 800 3248 iilo
810 3188 955 3273 operto
965 3168 1001 3252 u
1011 3163 1164 3250 sinistro
1179 3168 1312 3254 clauso
1328 3198 1484 3282 permaa

328 3316 436 3376 nere.
509 3289 629 3374 Unde
677 3310 789 3373 cetto
835 3288 1013 3395 cognovi
1064 3289 1147 3376 illas
1191 3322 1274 3381 non
1322 3297 1484 3385 aliunde

327 3418 425 3504 oriri
455 3443 579 3531 quam
610 3444 660 3503 ex
690 3413 801 3500 novt
832 3410 1156 3501 conformatione
1187 3421 1253 3506 vel
1279 3427 1488 3538 qualitate,

327 3570 449 3657 quam
486 3545 624 3631 dexter
648 3540 791 3629 oculus
822 3538 1098 3655 acquisiverat,
1133 3546 1232 3634 dum
1266 3551 1393 3663 ipsum
1428 3555 1485 3639 ita

327 3671 788 3775 clausumtenueram,8t
804 3693 1107 3779 propterquam
1124 3702 1207 3755 non
1226 3678 1485 3760 modomani·

327 3820 393 3877 ma
412 3820 499 3900 pars
515 3792 734 3899 radiorum,
752 3820 857 3902 quos
874 3820 924 3874 en
938 3789 1096 3873 flammi
1106 3795 1358 3908 admittebat,
1367 3800 1486 3911 ipsius

327 3920 543 4030 imaginem
554 3919 593 3998 in
614 3923 666 4021 O,
693 3922 764 4003 ubi
776 3918 1142 4030 congregabantur,
1157 3920 1400 4034 pingebant:
1421 3928 1484 4010 sed

231 4038 236 4047 ’
327 4042 647 4131 etiamnonnulli
664 4045 778 4127 exiis
796 4045 852 4127 ita
872 4046 1234 4162 detorquebantur,
1263 4077 1309 4136 ut
1330 4078 1404 4161 per
1420 4074 1484 4136 to·

327 4194 415 4259 tum
426 4167 596 4283 spatium
614 4194 664 4271 rp
682 4168 972 4285 spargerentur,
984 4171 1054 4261 ubi
1065 4171 1485 4286 pingebantcotonam

813 4299 852 4382 Ο
879 4326 907 4384 o
934 4324 956 4382 a
1368 4308 1410 4393 C
1428 4311 1483 4417 D,
