4058 5258
357 366 481 472 Scet
511 358 571 461 11.
621 358 917 459 Coaouuu
953 358 1339 462 Puauouaurs.
1412 375 1522 503 277

351 577 572 672 curraturd
601 574 738 691 aliqud
771 570 836 658 vel
866 567 974 682 plicl
1000 571 1042 656 in
1062 570 1208 661 tunicis
1225 573 1308 682 ejus
1334 571 1385 660 de
1405 604 1518 665 novo

353 708 529 795 lormatd
555 701 750 788 oriantur.
805 695 1049 808 Crystallino
1086 718 1225 785 autem
1248 699 1312 785 vis
1344 726 1431 785 nou
1445 698 1522 788 im·

353 833 561 949 primitur,
586 824 659 913 nifi
679 824 948 911 mediantibus
981 822 1234 932 humoribus,
1268 825 1419 936 quibus
1444 852 1519 912 un.

355 964 481 1073 dique
516 952 725 1062 cingitur3
765 954 816 1055 u,
863 978 956 1035 cum
998 949 1121 1036 fluida
1162 949 1347 1038 facillime
1378 952 1518 1039 cedent

357 1080 558 1196 preffuris‚
586 1079 776 1164 humores
792 1076 850 1162 illi
867 1078 952 1164 vim
973 1077 1194 1190 quamlibet
1214 1078 1365 1168 illatam
1381 1078 1436 1165 ita
1448 1102 1519 1190 per

354 1234 486 1298 totam
504 1205 655 1294 molem
682 1197 919 1309 diffirudent,
962 1228 1008 1292 ut
1033 1205 1303 1319 crystallinum
1333 1207 1403 1293 vix
1432 1198 1519 1319 pol*-

289 1396 297 1409 .
354 1339 446 1429 sunt
473 1332 719 1446 inaequaliter
741 1346 934 1441 premere,
964 1362 1094 1447 neque
1119 1334 1211 1419 ideo
1239 1332 1408 1445 figuram
1435 1336 1519 1444 ejus

356 1463 513 1553 vitiare.
569 1461 616 1544 ld
635 1459 747 1544 enim
772 1463 927 1571 experti
949 1459 1070 1569 sunt,
1096 1460 1170 1575 qui
1198 1463 1313 1572 aquis
1328 1462 1406 1547 alte
1425 1459 1518 1545 sub·

356 1606 598 1699 merguntur
614 1618 632 1692 3„
654 1613 764 1692 nam,
791 1581 822 1667 li
846 1607 936 1673 tota
949 1612 1145 1699 aquarum
1163 1588 1297 1674 moles.
1308 1589 1519 1675 incumbat

357 1713 450 1821 illis,
478 1707 693 1822 prelluram
728 1708 837 1798 haud
878 1712 1064 1823 sentiunt,
1108 1739 1201 1827 quae·
1241 1736 1377 1799 tamen
1413 1715 1522 1825 loret⁴

357 1840 534 1927 maxime
568 1835 770 1946 senfibilis,
796 1835 827 1921 fi
857 1867 1075 1953 corporum
1113 1840 1406 1928 submersorum
1429 1866 1519 1952 par·-

359 1987 420 2055 tes
448 1969 509 2054 ita
538 1989 814 2075 premerentur
837 1960 1100 2080 inequaliter,
1126 1988 1175 2054 ut
1202 1967 1354 2079 figuras
1376 1991 1520 2056 eorum

358 2093 511 2180 violare
536 2114 791 2177 conarentur.
846 2094 986 2181 Restat
1014 2120 1126 2205 ergo,
1154 2116 1201 2179 ut
1227 2092 1421 2202 ejusmodi
1447 2120 1519 2179 co·-

357 2246 547 2308 ronarum
570 2218 651 2305 sive
672 2218 824 2307 iridum
844 2222 1048 2331 generatio
1064 2218 1215 2307 vitiosis
1232 2219 1521 2330 configuratio·

356 2350 476 2435 nibus
491 2347 634 2432 tunicae
652 2371 806 2432 corneae
816 2345 934 2428 illatis
953 2347 1169 2447 tribuatur,
1185 2346 1308 2451 idque
1322 2371 1372 2427 eo
1392 2346 1521 2455 magis

357 2474 468 2587 quod
488 2471 589 2556 radii
615 2471 834 2557 maximam
860 2465 1141 2552 refradionem
1160 2466 1207 2550 in·
1228 2467 1418 2554 exteriori
1433 2472 1523 2578 ejus

358 2594 561 2706 superficie
576 2598 793 2705 patiantur,
819 2600 857 2684 dr
883 2594 1050 2705 proinde
1072 2620 1144 2706 per
1173 2591 1324 2677 leviora
1350 2594 1433 2702 ejus
1454 2597 1519 2681 vie

258 2760 265 2769 ·
357 2726 417 2809 tia
435 2728 461 2809 b
479 2721 589 2809 tedio
616 2727 777 2812 tramite
807 2724 1042 2836 detorqueri
1073 2718 1235 2836 poffiut·
1292 2724 1401 2807 Utut
1434 2752 1519 2811 non

358 2874 590 2965 pernegem‚
617 2853 716 2961 quin
744 2854 807 2959 iis,
834 2854 907 2967 qui
934 2852 1117 2938 laborant
1139 2847 1282 2954 oculis,
1317 2872 1424 2958 rugae
1447 2849 1518 2936 ali·

357 3005 447 3088 quae
473 2976 658 3087 (propter
676 2976 892 3064 humorum
910 2975 1111 3065 defetlum
1135 2995 1206 3062 aut
1229 2969 1447 3084 excellum)
1473 2975 1518 3063 i'u

358 3100 577 3215 crystallini
609 3100 894 3212 superficiebus.
908 3134 992 3191 non
1023 3104 1157 3191 minus
1175 3127 1298 3215 quam
1312 3101 1355 3188 in
1380 3102 1522 3190 tuni'cl

359 3228 507 3316 cornel
525 3224 677 3338 pollent
699 3220 914 3311 efformari.
970 3231 1060 3316 Nec
1083 3256 1168 3335 non
1195 3228 1280 3314 aliae
1306 3228 1430 3316 etiam
1447 3260 1515 3318 co.

357 3353 493 3440 lorum
520 3351 640 3438 causa
656 3344 816 3465 poffunt
834 3349 1014 3460 evenire3
1050 3350 1127 3462 sed,
1153 3338 1248 3475 dum
1272 3353 1518 3442 earuminli·

357 3484 442 3569 nita
461 3481 506 3569 lit
524 3483 709 3592 uarietas,
736 3484 775 3573 &
799 3478 872 3566 illa
890 3479 966 3569 fint
984 3482 1283 3595 eminentiores,
1308 3512 1397 3600 qua
1412 3514 1437 3571 a
1453 3485 1520 3571 vi·

354 3610 465 3698 tiofis
492 3612 636 3699 tunicae
656 3640 820 3701 cornere.
839 3612 980 3726 figuris
1006 3638 1213 3726 petuntur,
1256 3641 1339 3698 non
1374 3638 1521 3723 grava·

356 3733 432 3817 bor
447 3761 585 3819 earum
602 3736 767 3846 aliquod
784 3739 981 3848 specimen
1000 3738 1206 3844 exhibere,
1229 3735 1335 3821 uude
1354 3757 1519 3847 caeterag

357 3878 457 3937 rum
464 3856 582 3941 causa
599 3855 712 3948 facile
728 3862 942 3972 patebunt.

1312 4220 1517 4333 'Nout-
