4058 5258
572 350 677 483 256
939 349 1036 450 De
1075 343 1331 448 Vinus
1530 346 1624 449 Par.
1659 340 1719 454 ΙΙ.

634 719 710 799 An
739 704 847 793 hunc
876 706 1039 791 modum
1059 732 1147 790 cum
1173 702 1329 811 objeela
1350 704 1539 816 qualibet
1561 726 1610 792 ut
1630 712 1724 817 QR

580 836 686 922 foras
705 832 830 947 posrta
845 830 1023 919 confusas
1045 831 1296 918 &coloratas
1312 860 1452 918 eorum
1470 834 1662 942 imagines
1672 827 1726 918 =ut

587 971 628 1052 X
637 968 682 1072 s
684 966 732 1049 ad
751 963 941 1073 parietem
954 987 1023 1069 per
1039 958 1181 1072 prisma
1190 960 1478 1068 transmittunt,
1492 961 1724 1046 fimediante

580 1091 660 1175 alio
670 1086 854 1198 prismate
863 1085 1054 1198 inspicias,
1070 1084 1189 1198 pollis
1200 1088 1391 1197 imagines
1410 1087 1518 1173 hasce
1528 1088 1728 1176 coloribus

581 1216 837 1301 denudare&
854 1207 1012 1299 efficere
1026 1238 1223 1324 preterea,
1234 1238 1281 1299 ut
1292 1212 1556 1300 distinetiores
1571 1239 1732 1323 appare·

583 1362 665 1440 ant,
675 1339 1019 1447 quemadmodum
1029 1337 1256 1452 adqrffig.
1268 1341 1355 1449 47.)
1372 1341 1503 1425 videre
1514 1342 1581 1427 est.
1618 1343 1733 1442 Quo·

586 1466 694 1552 niam
725 1494 822 1552 vero
851 1466 901 1550 ad
921 1462 1180 1554 sufficientem
1200 1468 1358 1577 copiam
1387 1464 1486 1551 lucis
1505 1465 1736 1574 requiritur,

587 1615 635 1679 ut
652 1590 829 1680 foramen
847 1594 879 1675 12
897 1594 943 1677 fit
958 1595 1157 1702 amplum;
1173 1620 1243 1703 per
1258 1595 1340 1699 ejus
1356 1616 1491 1678 autem
1507 1593 1736 1700 amplitudi-

587 1743 679 1803 nem
699 1712 922 1803 transmillae
948 1720 1141 1829 imagines
1160 1718 1337 1803 evadunt
1359 1715 1539 1821 confusa,
1566 1715 1646 1801 lens
1664 1714 1735 1797 ali·

586 1870 667 1954 qua
681 1871 860 1929 convexa
870 1864 918 1926 ut
937 1848 992 1929 M
1008 1848 1051 1931 N
1067 1871 1194 1956 prope
1218 1843 1399 1929 foramen
1416 1843 1517 1931 illud
1536 1841 1737 1928 statuenda

587 1970 657 2071 est,
683 1996 773 2078 quae
792 1970 922 2053 radios
950 2001 972 2054 a
991 1973 1150 2083 fingulis
1174 1969 1333 2080 punctis
1349 1972 1497 2077 objecli
1512 1969 1616 2056 foras
1630 1966 1741 2084 pofiti

586 2090 792 2175 uenientes
815 2116 1036 2199 congreget
1054 2096 1093 2173 in
1113 2096 1287 2177 totidem
1311 2095 1397 2177 aliis
1416 2094 1574 2201 punciis
1599 2100 1650 2176 ad
1670 2123 1743 2200 pa·

585 2214 740 2317 rietem,
767 2215 804 2298 8(
830 2209 986 2319 insuper
1021 2211 1206 2320 prismata
1234 2214 1382 2296 debent
1414 2212 1488 2298 elle
1515 2218 1741 2301 admodum

587 2336 881 2450 transparentia,
921 2334 1134 2448 perpolita,
1175 2342 1214 2426 δι
1244 2335 1525 2448 superficiebus
1556 2365 1745 2429 accurate

590 2464 718 2579 planis
752 2462 981 2573 terminata,
1013 2463 1137 2574 inque
1168 2461 1244 2548 satu
1271 2491 1394 2577 quam
1422 2470 1573 2578 poteris
1603 2466 1744 2554 exuste

520 2698 526 2710 .
592 2592 779 2707 parallelo
807 2588 1002 2702 dispofita.
1056 2591 1191 2677 Tanta
1222 2592 1387 2705 quidem
1421 2593 1627 2705 diligentia
1658 2623 1744 2680 non

595 2721 829 2837 requiritur,
858 2744 905 2806 ut
930 2718 1123 2832 imagines
1149 2746 1257 2832 qrs
1290 2718 1366 2805 fine
1396 2722 1597 2808 coloribus
1626 2751 1746 2834 appa·

596 2869 742 2952 reant3
767 2848 830 2933 sed
863 2868 910 2931 ut
941 2848 1046 2931 inter
1076 2866 1141 2930 tot
1167 2874 1215 2930 ac
1242 2868 1373 2931 tantas
1397 2846 1648 2934 refractiones
1682 2851 1743 2934 di·

597 2974 746 3062 stinelae
764 2997 991 3088 appareant,
1014 3001 1154 3085 prater
1174 2994 1398 3060 accuratam
1415 2976 1602 3063 fabricam
1618 2977 1746 3064 vitro·

596 3125 701 3206 rum,
729 3102 948 3290 repuiritur
967 3101 1205 3211 experientis
1233 3101 1455 3212 ingenium,
1494 3130 1580 3213 quu
1609 3105 1744 3190 omnia

598 3208 706 3296 recle
724 3210 766 3293 di
782 3230 998 3319 ponantur.

651 3457 719 3535 Hr
738 3481 766 3535 c
800 3456 842 3534 in
874 3452 1081 3535 cumulum
1112 3478 1294 3563 praterea
1322 3457 1436 3559 adjici
1464 3457 1607 3562 potest,
1636 3465 1750 3571 quod

598 3576 767 3687 objella,
792 3602 875 3688 quo
908 3571 1137 3683 fimpliciori
1169 3578 1257 3662 luce
1287 3578 1574 3686 illuminantur,
1601 3611 1652 3666 eo
1686 3590 1748 3672 di·

600 3702 802 3792 stin&iora
821 3728 891 3811 per
909 3701 1051 3811 prisma
1077 3725 1268 3813 apparent
1285 3737 1297 3806 3
1324 3706 1470 3817 quippe
1490 3733 1584 3790 cum
1604 3736 1748 3797 eorum

600 3862 670 3947 per
700 3830 882 3941 prismata
912 3828 982 3914 sub
1004 3831 1074 3917 dio
1094 3831 1269 3918 visorum
1288 3829 1465 3918 confusio
1489 3859 1538 3914 ex
1567 3835 1750 3948 inaequali

603 3945 928 4067 refrangibilitate
979 3954 1290 4045 illuminantium
1337 3959 1540 4041 radiorum
1588 3962 1753 4045 oriatur.

603 4094 659 4175 Et
678 4087 846 4198 hincell,
874 4087 987 4199 quod
1011 4084 1143 4176 solaris
1160 4086 1342 4198 imaginis
1359 4082 1491 4200 sapius
1506 4116 1749 4179 commemo·

954 4263 959 4272 ·
1656 4236 1748 4299 rata
