4078 5250
319 343 440 451 Sedl.
467 335 504 442 1.
547 314 1241 435 an1sc0ron1'nos;
1293 418 1296 423 ,
1367 349 1474 477 217

204 657 210 671 ,
317 581 527 678 purgetur.
587 554 642 636 Et
670 543 724 629 ob
756 542 859 627 hanc
893 543 1045 631 causam
1071 543 1224 630 summe
1252 550 1475 640 cavendum

319 693 377 777 cst
408 692 450 774 in
477 676 667 767 faciendis
696 670 798 756 hisce
821 670 1120 778 experimentis,
1158 692 1207 756 ut
1241 672 1474 763 cubiculum

318 818 389 909 fiat
418 802 749 907 obscurifflmum‚
776 823 828 885 ne
854 795 925 881 lux
949 795 1114 885 erratica
1139 827 1234 886 curn
1249 799 1476 910 prifiuatico
1597 840 1600 849 ·

320 945 458 1034 colore
472 929 788 1027 commisceatur.
893 1039 895 1041 ι

377 1204 582 1294 Dentur,
617 1210 703 1298 quo
728 1177 877 1266 colotis
895 1175 1081 1286 cuiusvis,
1102 1205 1125 1261 a
1151 1179 1390 1289 corporibus
1407 1180 1479 1268 sub

291 1332 295 1339 '
322 1325 394 1413 dio
409 1316 562 1409 discsse
576 1308 768 1415 coloratis
785 1302 935 1411 reflexi,
946 1305 1148 1417 quantitas
1157 1305 1382 1395 innotescat
1395 1334 1479 1394 me·

321 1451 416 1553 lius,
442 1467 610 1556 corpora
626 1438 692 1522 illa
710 1431 908 1520 incudem
928 1430 1028 1514 lucis
1043 1430 1227 1543 quilibot
1250 1429 1376 1543 specie
1392 1436 1480 1542 iux-

323 1602 366 1666 ta
383 1572 509 1684 posrta
544 1563 693 1670 confer,
729 1564 767 1645 &
793 1554 946 1643 videbis
969 1555 1290 1669 unumquodque
1306 1543 1365 1639 'in
1389 1556 1480 1641 luco

323 1700 475 1818 proprii
502 1694 649 1780 coloris
685 1715 762 1801 ptae
793 1679 944 1772 ceteris
969 1681 1224 1792 resplendere.
1279 1682 1343 1768 sic
1371 1680 1479 1767 indi·

326 1853 421 1919 cum
434 1827 477 1911 in
501 1814 668 1909 caerulezl
689 1814 755 1901 vel
772 1805 971 1923 purpured
996 1805 1085 1892 luce
1109 1804 1317 1916 plusquam
1343 1805 1481 1894 cinna·

325 1954 433 2046 baris
462 1948 692 2059 resplendet,
720 1946 760 2031 8c
797 1938 946 2025 minius
976 1936 1019 2020 in
1036 1933 1172 2020 rubei.
1228 1940 1314 2020 Aut
1331 1931 1359 2017 n
1374 1931 1480 2020 forte

321 2083 511 2193 (propter
541 2071 771 2161 alterutrius
797 2065 947 2152 coloris
972 2057 1318 2170 imperfectionem
1343 2064 1382 2149 8(
1408 2060 1482 2147 ob·

323 2206 569 2312 scutitatem)
586 2200 707 2285 ambo
725 2191 930 2304 aequaliter
946 2189 989 2273 in
1014 2185 1103 2271 luce
1121 2181 1298 2270 violacei
1313 2183 1482 2297 resplen.

326 2343 419 2426 dere
444 2331 668 2440 contingat,
704 2347 793 2410 tum
821 2321 863 2405 in
895 2316 1020 2403 rubezl
1054 2312 1142 2397 luce
1167 2310 1390 2399 cinnabaris
1413 2314 1483 2398 liet

328 2466 449 2575 longe
475 2458 665 2545 illustrior
696 2473 767 2541 aut
799 2469 940 2535 contra
972 2443 1095 2549 longe
1126 2436 1298 2521 debilior
1323 2443 1366 2524 in
1394 2442 1483 2528 luce

329 2584 518 2691 violaced,
561 2580 590 2664 sr
611 2577 811 2689 equaliter
840 2572 1111 2682 resplendeant
1132 2564 1175 2649 in
1191 2561 1327 2649 rubei.
1378 2565 1484 2651 Cin·

330 2712 488 2804 nabaris
520 2710 657 2818 itaque
692 2701 877 2811 plurene
902 2693 1210 2783 rubrilormibus
1243 2712 1367 2804 quam
1395 2692 1484 2781 aliis

329 2833 571 2955 quibussibet
590 2826 710 2917 radiis
730 2818 915 2926 reflectit,
942 2821 1164 2941 &proinde
1191 2816 1319 2903 rubet.
1360 2818 1484 2922 indi.

330 2997 425 3059 cum
455 2991 553 3053 vero
571 2958 703 3073 plures
731 2986 754 3042 e
779 2946 1164 3039 caeruliformibus&
1179 2944 1484 3059 purpuriformi·

330 3098 407 3184 bus
431 3091 614 3196 rededit,
639 3083 866 3198 &proinde
886 3078 933 3166 fit
952 3075 1182 3166 intermedii
1209 3075 1368 3163 coloris.
1426 3083 1482 3165 Et

264 3292 273 3299 .
329 3223 380 3308 ad
398 3220 570 3310 eundem
589 3214 759 3304 modum
774 3210 801 3293 sr
816 3213 858 3297 in
873 3201 973 3293 albis
988 3204 1224 3317 corporibus
1242 3200 1312 3289 fiat
1326 3202 1482 3313 experi-

327 3368 530 3450 mentum,
583 3337 794 3442 constabit,
849 3334 962 3448 quod
1000 3334 1238 3447 omnigenos
1277 3327 1483 3418 reflestant

329 3474 547 3590 aqualiter,
574 3468 676 3558 &fic
691 3465 735 3551 in
748 3462 849 3549 aliis.

384 3733 667 3827 Aurruunn
694 3721 789 3809 huic
811 3722 863 3807 de
889 3713 1093 3803 coloribus
1119 3712 1374 3824 phyficorum
1398 3735 1486 3800 cor·

332 3873 479 3957 porum
494 3846 756 3957 propositioni
776 3846 902 3932 finem
928 3842 1113 3946 impono,
1132 3838 1269 3945 placet
1293 3857 1485 3923 annotare

334 3972 386 4056 de
410 3968 643 4076 quibusdam
664 3968 905 4080 apparentiis
928 3966 1079 4077 quenti
1105 3957 1330 4048 necessrtate
1354 3957 1487 4045 conse·

183 4197 190 4210 ,
334 4113 516 4209 quuntur
529 4120 553 4179 e
567 4093 713 4184 nostris
733 4094 950 4207 principiis,
964 4118 1051 4203 quae
1070 4085 1156 4176 aliis
1179 4086 1287 4180 mirae
1304 4084 1502 4189 uideren-⁴

862 4223 895 4307 F
922 4219 947 4307 s
1417 4226 1487 4296 tur
