4028 5252
295 424 528 538 seon.
601 416 1206 523 Rsarncrronunr.
1287 356 1291 365 f
1388 417 1459 559 '43

298 656 343 739 A
357 649 397 735 C
412 645 473 729 B:
500 638 646 728 scilicet
672 636 722 721 ad
750 632 947 748 puralium
968 630 1194 721 incidentiae
1225 632 1268 717 X
1285 631 1464 743 erigatur

300 766 638 886 perpendicularis
655 768 698 850 H
712 767 768 871 X,
794 761 874 847 erit
898 763 991 846 HX
1007 763 1044 846 Y
1060 757 1230 867 angulus
1259 756 1464 846 refraslio·

292 906 355 990 nis
372 905 423 988 ad
441 898 690 1013 superficiem
710 901 749 982 A
765 897 817 979 C.
871 896 1000 977 Porro
1024 891 1262 978 demittatur
1277 894 1316 976 C
1333 897 1354 977 Ι
1372 917 1461 1001 per·

34 1038 35 1077 l
163 1092 167 1099 ·
292 1028 565 1141 pendicularis
595 1025 639 1111 in
664 1022 821 1108 radium
846 1018 952 1123 XY,
978 1023 1019 1107 8(
1041 1019 1112 1104 ista
1131 1017 1317 1104 bisecabit
1335 1043 1460 1127 angu-

293 1154 383 1237 lum
400 1156 437 1238 Y
454 1156 493 1238 C
510 1154 567 1259 X,
594 1167 806 1262 propterea
823 1143 937 1255 quod
954 1141 1202 1253 triangulum
1221 1145 1258 1227 Y
1274 1145 1367 1227 CX
1383 1140 1460 1247 (ob

291 1277 564 1390 aequalitatem
599 1269 850 1361 refraslionis
880 1268 923 1352 in
969 1271 1010 1351 X
1029 1272 1067 1356 8(
1084 1272 1141 1375 Y)
1197 1268 1243 1351 fit
1270 1266 1456 1354 isosceles

297 1404 406 1489 Dico
436 1402 588 1514 itaque,
625 1401 738 1514 quod
767 1393 907 1508 anguli
924 1396 969 1480 H
982 1397 1023 1478 X
1040 1397 1075 1479 Y
1100 1397 1137 1481 8(
1154 1394 1175 1474 Ι
1190 1397 1229 1478 C
1245 1396 1285 1478 X
1302 1422 1458 1507 equan-

297 1548 390 1615 tur:
434 1533 545 1615 Nam
583 1551 675 1636 ang.
711 1525 814 1611 AX
839 1525 943 1607 Y:
972 1547 1064 1632 ang.
1098 1523 1456 1615 XIC÷ICX

287 1657 387 1768 (per
427 1682 491 1767 3²·
526 1684 562 1741 1.
594 1651 751 1760 Elem.)
796 1647 860 1734 sed
892 1648 1030 1762 anguli
1065 1654 1104 1735 A
1119 1648 1159 1732 X
1173 1651 1216 1734 H
1248 1647 1286 1732 8(
1322 1649 1363 1730 X
1380 1647 1400 1728 I
1416 1650 1456 1732 C

291 1785 383 1871 sunt
406 1786 519 1875 resli.
553 1789 667 1895 Ergo
683 1779 825 1871 resrdui
844 1781 887 1866 H
900 1783 992 1868 ΧΥ
1011 1784 1050 1870 8(
1068 1781 1145 1867 IC
1164 1780 1205 1865 X
1232 1800 1453 1888 aequantur
1483 1846 1486 1853 .

287 1917 480 2025 ono
964 2044 969 2053 θ

595 2159 819 2265 LEM
857 2157 997 2260 MA
1070 2159 1131 2260 ΙΙ.

339 2412 544 2513 Annine,
571 2407 750 2492 siradius
770 2406 948 2492 incidens
963 2411 1001 2490 0
1015 2408 1057 2489 X
1074 2411 1335 2516 &emergens
1353 2402 1390 2488 Y
1405 2402 1449 2488 N

275 2529 493 2614 indefinite
510 2528 786 2634 producantur
803 2548 1057 2613 occurrentes
1066 2531 1108 2613 in
1124 2536 1179 2633 G,
1197 2535 1236 2617 8(
1250 2552 1451 2637 praterea,

287 2647 320 2727 st
349 2648 460 2728 resta
486 2648 640 2753 quaevis
668 2657 710 2731 K
726 2655 763 2729 L
789 2647 1001 2729 horizonti
1029 2650 1212 2752 parallelas
1233 2652 1353 2730 radiis
1371 2649 1454 2733 istis

286 2768 526 2878 trajiciatur,
563 2769 812 2857 constituens
841 2765 1089 2877 triangulum
1106 2773 1150 2856 G
1165 2776 1205 2856 K
1217 2772 1269 2875 L,
1290 2771 1343 2875 8(,
1359 2796 1455 2857 cum

286 2892 485 2983 refradlus
501 2893 637 2980 radius
657 2900 756 2983 YN
770 2897 902 2983 tendit
920 2892 1083 3006 sursum,
1110 2895 1310 2983 sssumma
1327 2921 1454 3009 angu-

278 3023 424 3109 lorum
453 3024 547 3111 LK
567 3021 609 3107 X
627 3025 665 3112 8(
684 3026 773 3111 KL
790 3026 827 3109 Y
856 3019 1049 3130 sumatur,
1083 3044 1156 3110 aut
1179 3048 1323 3109 eorum
1338 3020 1451 3111 diffe-

283 3151 433 3259 sentia,
460 3177 556 3237 cum
587 3149 658 3236 iste
680 3155 775 3239 YN
798 3150 930 3238 tendit
955 3148 1161 3239 deorsum:
1188 3152 1310 3262 Dico,
1330 3154 1450 3266 >quod

280 3275 571 3365 illiussummae
599 3277 666 3364 vel
698 3276 932 3367 differentia
972 3277 1202 3383 dimidium,
1235 3310 1317 3367 una
1351 3307 1450 3369 cum

287 3404 439 3518 angulo
466 3402 718 3492 refraslionis
750 3408 847 3493 ΗΧ
861 3407 912 3511 Y,
934 3405 1158 3517 aequabitur
1178 3407 1329 3519 angulo
1346 3407 1448 3498 inci·

288 3532 431 3616 dentiae
462 3531 505 3616 H
519 3533 560 3614 X
572 3535 627 3616 G.
682 3533 794 3617 Nam
821 3527 930 3621 dieta
954 3528 1105 3619 summa
1132 3531 1198 3617 vel
1223 3527 1446 3621 differentia
1544 3636 1549 3643 ,

283 3682 473 3772 ¹aequatur
498 3660 649 3773 angulo
680 3663 726 3746 N
744 3666 783 3747 G
802 3666 843 3747 K
864 3655 1265 3772 2(per32.1.Elem.)
1292 3660 1370 3753 hoc
1388 3662 1447 3750 est

288 3790 442 3897 angulis
459 3792 502 3893 G
518 3792 558 3873 X
576 3792 677 3889 Y-l-
691 3795 730 3877 G
747 3792 851 3899 YX,
868 3793 920 3897 8(,
934 3815 1029 3877 cum
1045 3789 1292 3905 triangulum
1308 3796 1446 3882 GYX

290 3907 337 3994 stt
356 3912 543 4019 isosceles,
577 3915 695 4003 dieta
719 3917 879 4003 summae
898 3915 963 4004 vel
985 3908 1215 4004 differentiae
1229 3919 1444 4006 dimidium
1594 3980 1597 3985 «

275 4039 509 4152 aequabitur
528 4042 679 4151 angulo
704 4042 875 4132 refradio
894 4046 989 4131 GX
1004 4045 1055 4155 Y,
1081 4047 1153 4161 qui
1175 4076 1269 4134 cum
1290 4036 1442 4151 angulo
1506 4052 1512 4060 '
1653 4100 1657 4109 -

285 4163 535 4405 {srgdlionis
560 4168 653 4255 tx
669 4175 716 4261 H¹
743 4171 962 4259 constituit·
987 4176 1181 4287 angulum
1207 4164 1442 4257 incidentia.

276 4306 284 4355 ἑ
327 4355 338 4378 ‚
395 4303 479 4386 ‘D‘

786 4412 884 4492 Ga
1348 4406 1466 4494 His.
1532 4491 1537 4500 .
