4128 5240
506 348 578 466 80
807 354 898 452 De
942 352 1325 456 Pannonuu
1485 349 1582 452 Par.
1625 353 1661 453 I.

506 579 619 694 quod
635 578 677 660 in
692 588 742 655 e'o
760 566 971 678 nundum,
997 567 1108 676 quod
1128 566 1260 651 omnis
1278 563 1377 651 lucis
1397 563 1448 649 ab
1468 595 1518 653 eo
1535 570 1668 657 versus

508 701 673 787 oculum
691 695 894 806 pergentis
910 690 1178 778 meditullium
1190 712 1372 799 occupet,
1400 692 1504 776 inter
1522 695 1668 804 punda
1736 684 1741 691 ’

511 832 551 911 D
572 823 653 928 &f
671 824 712 905 in
743 819 875 902 medid
901 818 1059 902 circiter
1090 816 1277 901 distantid
1304 817 1552 924 interjacens,
1595 849 1670 931 pro

510 946 676 1036 sensibili
708 944 881 1052 imagine
907 942 1089 1026 statuere.
1145 939 1292 1026 Punfti
1316 970 1414 1026 vero
1431 944 1535 1031 illius
1553 975 1671 1034 accu-

513 1098 596 1161 rata
614 1070 911 1173 determinatim
937 1095 1030 1152 cum
1047 1071 1231 1152 omnium
1250 1069 1454 1155 radiorum
1470 1075 1523 1158 ab
1539 1077 1671 1157 Fuer-

515 1204 577 1287 sus
594 1199 701 1285 oculi
718 1195 904 1308 pupillam
922 1189 1186 1278 refradomm
1203 1190 1381 1280 habenda
1401 1193 1446 1278 fit
1458 1197 1674 1283 astimatio

518 1312 723 1440 problema
752 1323 885 1409 solutu
911 1316 1196 1406 difficillimum
1225 1323 1429 1433 praebebit,
1457 1324 1530 1410 nifi
1546 1328 1674 1439 hypo·

518 1456 618 1540 thesi
644 1452 762 1538 alicui
788 1448 926 1533 saltem
947 1443 1161 1550 veniundi,
1191 1449 1325 1535 finon
1352 1475 1534 1538 accurate
1560 1481 1675 1556 vera,

521 1584 716 1668 innitatur
731 1575 899 1663 affertio.
937 1573 1304 1683 Quemadmodum,
1331 1607 1423 1664 cum
1444 1579 1544 1666 radii
1563 1608 1675 1692 aque

523 1709 680 1794 multia
701 1705 876 1791 termino
896 1709 937 1790 D
953 1699 1117 1812 aliisque
1135 1703 1277 1790 vicinis
1295 1705 1467 1816 punuis,
1494 1738 1576 1795 aca
1596 1731 1676 1793 ter·

522 1836 687 1941 minof
702 1831 862 1943 aliisque
887 1827 1045 1941 pundis
1070 1831 1247 1918 similiter
1266 1832 1335 1919 fibi
1361 1838 1516 1946 vicinis,
1543 1838 1678 1924 versus

523 1957 686 2043 oculum
714 1952 1164 2066 videanturproduere;
1192 1957 1304 2045 locus
1330 1960 1516 2071 imaginis
1538 1967 1596 2050 ita
1611 1964 1679 2050 de·

525 2084 595 2169 bet
609 2083 650 2166 in
669 2083 803 2168 medio
817 2079 982 2167 istorum
998 2083 1269 2167 terminorum
1280 2082 1413 2190 statui,
1432 2108 1478 2170 ut
1492 2086 1677 2197 angulus,

522 2236 644 2322 quem
662 2207 760 2296 radii
774 2210 897 2295 duoa
916 2213 956 2292 D
976 2212 1014 2293 81
1028 2209 1071 2314 f
1084 2209 1134 2294 ad
1158 2208 1264 2294 idem
1278 2210 1500 2321 quodpiam
1521 2212 1679 2321 pupilla

524 2341 715 2449 onustum
733 2359 1022 2448 convergentes
1043 2336 1266 2445 includant,
1291 2366 1314 2422 a
1337 2339 1449 2424 radio
1461 2340 1512 2425 ab
1529 2339 1600 2424 illo
1618 2340 1680 2424 vi·

526 2460 648 2550 {ionis
665 2461 758 2551 loco
775 2464 825 2550 ad
840 2465 946 2550 idem
962 2461 1119 2572 pupilla
1138 2459 1335 2572 pundum
1344 2486 1547 2575 pergente,
1557 2491 1683 2579 quam

526 2589 711 2701 proxime
738 2588 888 2699 semper
902 2583 1109 2673 bisecetur.
1163 2590 1258 2696 Qud
1281 2589 1492 2699 hypothesi
1509 2586 1686 2701 admiss'd,

528 2714 632 2803 nihii
648 2715 755 2802 aliud
773 2716 973 2828 agendum
993 2711 1063 2818 est,
1090 2738 1213 2824 quam
1231 2735 1279 2799 ut
1295 2714 1363 2801 fiat
1383 2716 1439 2799 M
1454 2716 1617 2825 s÷M
1634 2724 1690 2808 D.

527 2840 585 2919 M
603 2846 643 2923 D
663 2869 699 2924 z:
715 2842 758 2947 f
764 2846 818 2928 D.
847 2840 955 2949 DZ,
980 2842 1020 2929 &
1047 2839 1125 2925 erit
1156 2837 1194 2924 Z
1224 2837 1338 2926 locus
1361 2838 1521 2926 visionis
1546 2843 1688 2948 punem

530 2963 565 3043 F
602 2965 800 3071 quaesitus,
826 2964 956 3076 pofito
985 2991 1132 3075 nempe
1148 2966 1262 3075 quod
1287 2964 1344 3046 M
1371 2963 1546 3050 fitlocus
1563 2965 1686 3049 oculi.

529 3085 637 3169 Nam
665 3113 760 3172 eum
795 3108 969 3202 ponatur
1002 3094 1112 3192 Μ]
1133 3101 1189 3188 ÷
1217 3088 1341 3175 MD.
1383 3089 1440 3173 M
1459 3094 1501 3175 D
1528 3116 1565 3174 :t
1583 3094 1620 3201 f
1632 3095 1685 3181 D.

532 3210 643 3320 DZ,
670 3212 1041 3328 eritdivifime.
1067 3210 1464 3325 MthfZDZ,
1490 3220 1686 3328 &proin-

533 3339 584 3426 de
597 3342 735 3436 duffis
758 3348 884 3437 tribus
912 3347 1027 3434 lineis
1052 3375 1076 3431 a
1089 3344 1134 3453 f,
1163 3347 1222 3448 D,
1247 3339 1413 3431 &Zad
1433 3344 1502 3452 M,
1529 3343 1594 3430 vel
1612 3371 1686 3456 po·

534 3471 616 3556 tius
631 3478 682 3561 ad
706 3479 902 3588 nundum
925 3478 1147 3594 quodpiam
1171 3472 1267 3561 huic
1289 3473 1345 3557 M
1363 3472 1571 3561 indefinite
1585 3475 1686 3565 vici·

535 3621 660 3700 num;
685 3609 869 3715 angulus,
895 3633 1021 3719 quem
1051 3627 1224 3693 externae
1253 3602 1341 3689 dua
1372 3604 1596 3714 continent,
1636 3605 1688 3694 ab

536 3720 789 3829 interjacente
803 3734 910 3820 linei
927 3736 950 3840 (
967 3763 1039 3849 per
1058 3764 1099 3848 3.
1113 3735 1154 3819 6.
1167 3732 1324 3841 Elem.)
1348 3759 1470 3846 quam
1503 3733 1689 3847 proxime

536 3846 944 3961 semperhisacabitur.
1559 3852 1567 3857 ’

1601 4119 1685 4203 Has
