4028 5252
282 365 481 485 secel.
582 350 1301 465 Raranumnrnrrae.
1381 378 1442 500 31

342 711 632 799 Nounuunrs
669 690 777 781 sorte
805 690 849 778 in
877 690 1139 806 suspicionem
1161 697 1313 807 veniet,
1338 704 1453 814 quod

288 832 522 935 terminatio
555 822 673 933 lucis,
699 819 779 908 five
801 819 1038 930 quiescentis
1064 824 1188 911 medii
1213 825 1454 936 confinium,

285 960 553 1061 diversitatem
591 943 844 1039 reiradionis
876 942 1052 1052 efficiat·,
1078 946 1144 1036 sed
1170 949 1266 1038 huic
1292 953 1452 1041 dubita·

287 1092 392 1180 tioni
408 1089 453 1175 in
481 1099 680 1196 promptu
703 1072 761 1161 est
790 1073 1031 1180 remedium,
1057 1070 1272 1164 efficiendo
1305 1108 1450 1191 nempe

289 1244 336 1311 ut
357 1220 429 1305 lux
459 1209 661 1322 apostica
693 1224 809 1318 parte
837 1199 1036 1313 prismatis
1070 1201 1190 1309 (ficut
1224 1208 1273 1294 ad
1302 1208 1371 1322 fig.
1394 1212 1452 1317 3.)

290 1342 545 1435 solummodo
562 1336 815 1440 terminetur,
842 1325 983 1417 uelint
1007 1331 1156 1417 umbra
1175 1333 1343 1422 confinis
1370 1337 1451 1447 psi.

293 1469 464 1581 usquam
481 1461 604 1547 suerit
629 1456 808 1544 refrasta
861 1459 918 1544 Et
942 1477 1169 1566 propterea,
1195 1486 1246 1545 ne
1283 1459 1450 1571 suspicio

291 1596 340 1685 sit
366 1596 421 1682 de
455 1580 562 1676 varii
586 1578 756 1673 crassitie
781 1581 891 1693 vitri,
923 1581 1055 1695 potest
1078 1582 1265 1672 refractio
1284 1587 1369 1694 ejus
1396 1588 1448 1674 ad

289 1724 417 1813 varias
449 1711 643 1805 craffities
671 1711 829 1817 tentari,
856 1711 1141 1822 promovendo
1161 1711 1304 1824 prisma
1328 1714 1450 1800 trans·

288 1850 399 1943 verse
430 1849 544 1956 iuxta
566 1839 665 1928 lucis
694 1835 911 1949 ingressum
942 1838 1129 1949 parallelo
1155 1862 1287 1952 motu,
1313 1841 1370 1930 ita
1400 1865 1449 1929 ut

290 1982 364 2067 lux
379 1974 510 2088 primo
525 1971 574 2057 ad
590 1972 717 2058 aciem
731 1970 817 2080 ejus
832 1968 1117 2078 transjiciatur,
1131 1970 1275 2058 deinde
1289 1972 1342 2058 ad
1360 1997 1450 2081 par·

288 2131 347 2199 tes
361 2097 578 2208 craffiores,
603 2098 700 2188 &in
731 2095 886 2209 quovis
907 2094 997 2184 casu
1025 2094 1232 2206 persimilis
1245 2098 1323 2185 erit
1337 2097 1448 2184 colo·

285 2264 374 2325 rum
403 2228 616 2344 apparitio.
672 2227 826 2340 Neque
867 2222 1046 2311 multum
1076 2222 1252 2333 interest,
1295 2225 1448 2315 fifora·

284 2390 391 2468 men,
416 2386 487 2469 per
505 2354 620 2468 quod
654 2351 726 2436 lux
748 2350 992 2463 ingreditur,
1018 2346 1067 2437 fit
1089 2349 1209 2440 latius
1229 2352 1295 2442 vel
1318 2377 1447 2464 angu-

288 2489 410 2594 stius,
439 2511 535 2571 narn
542 2477 687 2566 exinde
701 2475 805 2563 nihil
820 2475 932 2563 aliud
950 2477 1112 2565 eveniet
1125 2506 1247 2589 quam
1260 2478 1361 2568 lucis
1378 2507 1448 2569 co·

289 2611 397 2695 lones
434 2603 660 2693 exhibentis
700 2604 978 2713 augmentatio
1016 2603 1083 2689 vel
1115 2603 1351 2711 diminutio,
1400 2628 1446 2690 ac

291 2754 408 2823 tanta
426 2730 611 2817 dilatatio
640 2727 705 2815 vel
721 2732 942 2825 contraeiio
974 2730 1177 2842 imaginis,
1211 2750 1363 2845 quanta
1391 2727 1448 2815 est

288 2858 513 2959 foraminis.

340 3130 688 3211 Erranrunuro
716 3121 893 3211 duorum
917 3120 1198 3234 parallelorum
1215 3121 1446 3234 prismatum

287 3262 365 3367 jam
389 3275 482 3340 ante
506 3250 701 3364 descripto
731 3253 885 3340 constat
909 3255 1046 3362 etiam,
1073 3255 1186 3369 quod
1209 3256 1289 3342 hac
1304 3254 1445 3365 imagi·

286 3385 409 3474 nisio
438 3382 736 3494 longitudinem
758 3383 965 3469 distractio
992 3412 1076 3470 non
1104 3385 1233 3472 oritur
1270 3414 1321 3475 er
1347 3384 1444 3494 ejus·

288 3513 377 3599 rlem
410 3509 601 3619 cuiusque
633 3508 735 3594 radii
774 3506 982 3599 diffusione
1020 3511 1085 3598 rel
1127 3492 1377 3599 diffieilione
1402 3513 1444 3597 in

287 3638 512 3750 complures
530 3636 787 3749 dirergentes
809 3640 965 3747 radios,
991 3639 1182 3753 nquidem
1209 3638 1265 3723 illi
1284 3666 1355 3750 per
1372 3641 1445 3726 ite·

290 3787 414 3851 ratam
438 3755 688 3850 diffufionem
709 3763 776 3849 vel
792 3757 1102 3874 diffraliionem,
1128 3765 1169 3851 in
1188 3766 1353 3853 transitu
1374 3794 1445 3878 per

290 3891 505 3974 secundum
528 3888 674 3998 prisma
704 3912 803 3977 tunc
837 3891 982 3980 resolvi
1021 3894 1213 3981 deberent
1245 3893 1288 3978 in
1323 3893 1446 4003 longe

289 4014 428 4127 plures
449 4017 633 4127 &magis
656 4018 912 4128 divergentes
938 4014 1081 4109 moloc
1136 4019 1446 4129 Quin&iisdem

289 4143 480 4234 omnibus
511 4144 805 4259 objectionibus
848 4150 1076 4239 adversatur
1112 4149 1445 4354 experimentum,

1370 4295 1442 4354 ur
