4078 5250
555 285 654 399 168
825 286 924 386 Da
963 278 1353 384 Rauronusr
1511 286 1707 395 Panll

544 506 744 618 mabant3
772 500 880 589 lente
912 500 1018 588 LM
1043 499 1232 587 existente
1258 497 1343 606 tali,
1370 524 1419 588 ut
1438 508 1569 594 radios
1584 509 1708 619 paral-

544 630 648 716 lelos
662 633 712 718 ad
731 629 868 717 focum
893 630 1073 743 quinque
1110 627 1278 736 pedibus
1300 627 1381 712 ‘ase
1408 631 1621 721 distantem
1645 666 1713 723 co·

549 778 675 874 geret.
730 756 889 842 Deinde
921 755 1029 840 aliud
1060 752 1227 840 adhibui
1247 753 1392 864 prisma
1420 760 1568 858 HJK,
1595 765 1709 869 cujus

551 885 656 968 latus
675 878 838 993 planum
865 881 940 964 HI
963 876 1161 963 velamine
1187 880 1318 990 nigro,
1344 880 1394 961 ad
1412 905 1440 961 a
1467 878 1708 982 (utdidlum

551 1010 632 1120 est)
657 1002 879 1113 transfosso,
905 1004 1131 1115 tegebatur,
1157 1009 1264 1093 &ad
1286 1006 1508 1116 imaginem
1532 1023 1605 1116 pt
1633 1009 1709 1093 sta·

553 1140 629 1247 tui,
657 1137 730 1225 ubi
743 1134 900 1223 colores
914 1133 1130 1220 secundum
1146 1134 1402 1221 latitudinem
1419 1139 1595 1223 maxime
1614 1166 1713 1225 con·

553 1265 705 1355 trastos
731 1269 772 1356 8r
803 1263 984 1353 distinete
1008 1264 1246 1350 terminatos
1274 1265 1375 1374 vidi,
1401 1290 1447 1350 ut
1476 1295 1620 1352 eorum
1637 1268 1710 1352 ali-

552 1396 645 1515 quis
664 1420 740 1506 pro
758 1392 924 1479 arbitrio
954 1389 1289 1475 transmitteretur
1312 1418 1384 1502 per
1405 1418 1432 1472 n
1450 1394 1491 1478 in
1516 1393 1711 1503 parietem

553 1523 620 1609 vel
638 1544 833 1634 papyrum
859 1519 962 1604 YZ.
1015 1517 1171 1626 Quibus
1195 1513 1335 1625 positis
1359 1517 1615 1603 observabam
1642 1520 1710 1602 de·

551 1650 660 1753 inde,
686 1647 800 1758 quod
817 1645 973 1733 colores
991 1643 1070 1729 hoc
1089 1645 1214 1730 modo
1234 1645 1367 1728 multo
1389 1648 1523 1731 minus
1545 1675 1569 1728 a
1597 1670 1711 1753 repe·

551 1776 640 1860 titis
670 1772 974 1862 refrasiionibus
998 1772 1147 1859 mutati
1167 1769 1318 1858 fuerint
1345 1802 1468 1886 quam
1495 1776 1536 1860 in
1568 1799 1711 1885 prace-

550 1897 753 1987 dentibus.
811 1903 921 1986 Cum
944 1899 1070 1986 rubor
1096 1924 1166 2008 per
1193 1924 1220 1979 n
1247 1897 1486 1986 transmissus
1503 1901 1573 2005 est,
1601 1902 1711 1983 idern

549 2024 676 2113 rubor
689 2031 740 2113 ad
759 2028 846 2111 YZ
862 2029 1048 2137 apparuit
1069 2028 1109 2114 8r
1137 2055 1220 2112 non
1248 2028 1348 2112 alius
1364 2031 1479 2111 color
1496 2029 1711 2140 quispiam,

551 2150 721 2259 demptis
738 2148 858 2234 variis
883 2152 1059 2255 ejusdem
1079 2152 1280 2261 gradibus,
1308 2171 1354 2236 ut
1369 2156 1559 2236 coccineo
1573 2156 1613 2236 8r
1630 2148 1709 2233 mi·

551 2274 650 2364 nio:
688 2280 745 2362 Et
771 2271 821 2359 fic
843 2273 1026 2361 viriditas
1051 2277 1097 2361 in
1121 2278 1254 2364 varios
1282 2276 1534 2361 solummodo
1561 2273 1711 2385 gradus

552 2403 717 2491 discreta
736 2400 826 2509 suit,
856 2429 906 2486 ex
924 2399 1003 2487 uni
1019 2423 1133 2512 parte
1162 2429 1331 2513 vergens
1357 2405 1407 2488 ad
1435 2400 1713 2488 flavescentem

551 2531 880 2635 viriditatem&
900 2557 962 2635 *ex
988 2529 1068 2615 alit
1098 2527 1369 2635 tbalalfinum,
1394 2527 1458 2613 sed
1491 2528 1532 2613 in
1561 2525 1715 2615 flavum

553 2680 624 2746 aut
639 2654 865 2871 enipeum,
891 2654 1069 2743 aliumve
1098 2654 1277 2744 colorem
1303 2654 1503 2771 quemvis,
1530 2682 1580 2740 ex
1607 2654 1717 2744 nulli

552 2784 610 2871 sui
627 2807 717 2897 part
766 2779 1041 2871 transformari
1064 2783 1217 2893 potuit.
1273 2791 1412 2897 Atque
1433 2784 1540 2869 idem
1564 2781 1607 2867 in
1627 2781 1715 2869 aliis

552 2907 760 2994 coloribus
778 2908 966 3020 contigit.

606 3154 931 3243 Ossaaraaan
959 3176 1162 3267 praterea,
1197 3157 1309 3269 quod
1341 3186 1435 3246 cunr
1472 3157 1650 3245 foramen
1678 3162 1713 3243 Ρ

551 3269 703 3360 fastum
722 3301 807 3362 erat
821 3279 1044 3384 angustius,
1073 3302 1119 3362 ut
1141 3308 1212 3389 per
1228 3283 1414 3389 imaginis
1428 3301 1467 3389 p
1481 3299 1503 3359 t
1517 3284 1710 3386 majorem

551 3399 870 3483 contrailionem
896 3400 1054 3485 colores
1070 3405 1286 3486 evaderent
1301 3400 1571 3511 simpliciores,
1597 3405 1711 3491 colo·

552 3551 613 3610 res
630 3523 680 3606 ad
700 3526 735 3609 Y
755 3523 791 3607 Z
825 3521 979 3630 trajecti
1007 3521 1140 3609 minus
1163 3525 1292 3611 adhuc
1310 3529 1457 3613 mutati
1478 3526 1644 3638 fuerint,
1670 3535 1711 3621 8r

554 3653 623 3741 vix
637 3649 813 3765 aliquam
832 3651 1103 3738 mutationem
1123 3653 1339 3742 sensrbilem
1356 3654 1453 3767 paffi
1472 3654 1583 3745 fuisse
1597 3659 1711 3748 vide·

553 3781 712 3890 bantur,
740 3809 834 3868 curn
866 3778 1061 3866 foramina
1088 3811 1172 3869 non
1202 3781 1322 3869 latius
1338 3786 1581 3874 duodecimd
1599 3811 1712 3901 parte

557 3906 675 4020 digiti
692 3908 877 4019 patudre3
905 3907 983 3992 hoc
999 3928 1158 3995 tantum
1170 3934 1338 4022 excepto
1356 3910 1580 4000 discrimine
1599 3917 1712 4026 quod

557 4035 629 4126 lux
657 4037 764 4150 apud
784 4051 859 4147 pt
889 4031 1034 4123 sortior
1066 4061 1150 4126 erat
1178 4038 1295 4150 (quia
1325 4040 1450 4151 magis
1485 4039 1712 4148 contrasta)

1588 4190 1709 4275 quarn
