4028 5252
296 414 493 533 sear.
592 397 1287 506 Rornanorum-ras.
1396 400 1460 493 ῃ

298 633 540 757 speaentur,
580 610 770 703 umbram
806 600 989 715 projiciat
1022 596 1066 683 in
1099 593 1238 684 iocum
1259 597 1313 701 L,
1338 592 1464 679 itaut

301 765 472 865 circulus
490 762 529 844 A
545 753 585 838 G
599 770 696 834 cum
714 735 858 825 umbri
873 734 908 817 L
924 727 1077 817 discum
1095 725 1185 811 solis
1202 720 1351 812 nebuli
1367 719 1464 807 desi·

299 902 473 992 cientem
504 876 664 966 referat·
722 868 819 972 Quo
850 859 995 972 posito,
1022 855 1052 941 fi
1083 850 1182 938 radii
1215 849 1383 937 minime
1407 877 1466 935 re·

302 1016 532 1138 smngibiies
546 992 833 1108 circuioqucB
854 994 895 1075 D
919 980 1207 1091 circumscripti
1225 974 1464 1089 spedicntur,
1521 970 1533 988 ⁴

304 1152 449 1247 umbra
465 1134 618 1231 nebula
643 1124 694 1213 ab
711 1122 761 1209 iis
789 1112 1023 1227 projicietur
1037 1109 1080 1198 in
1110 1104 1247 1193 locum
1266 1105 1327 1212 N,
1350 1102 1465 1212 cujus

304 1284 395 1377 talis
411 1274 488 1365 erit
508 1269 601 1356 situs
616 1260 660 1346 in
686 1244 840 1341 circulo
855 1246 891 1326 B
909 1244 966 1345 D,
990 1232 1123 1348 qualis
1140 1233 1196 1319 est
1209 1229 1329 1346 ipsius
1356 1236 1393 1317 L
1419 1232 1464 1318 in

305 1407 458 1506 circuio
491 1406 531 1486 A
545 1393 599 1495 C,
623 1383 775 1501 quippe
805 1371 871 1458 hic
888 1366 1011 1455 etiam
1043 1360 1194 1449 discum
1210 1361 1302 1447 solis
1318 1359 1467 1450 nebuli

309 1531 569 1629 deficientem.
585 1509 716 1597 refert.
769 1509 907 1612 Atque
932 1492 1039 1578 idem
1057 1514 1181 1598 porro
1206 1485 1396 1572 discursus
1414 1488 1465 1572 de

309 1657 462 1756 circuio
491 1639 677 1763 quolibet
702 1623 942 1718 intermedio
971 1643 1067 1706 cum
1086 1613 1290 1700 umbrella.
1307 1615 1390 1721 ejus
1408 1618 1467 1702 M

307 1788 586 1896 intelligam,
610 1765 712 1851 adeo
729 1778 777 1846 ut
805 1770 970 1867 propter
998 1740 1249 1831 indefinitam
1281 1742 1468 1831 multitu,

313 1923 450 2007 dinem
476 1896 731 1996 circulorum,
758 1881 932 1995 spatium
950 1873 1155 1985 integrum
1174 1871 1265 1955 ΑΒ
1281 1875 1322 1955 D
1339 1873 1379 1958 C
1399 1899 1472 1960 oc.

312 2036 560 2157 cupautium,
586 2017 730 2113 nebula
747 2012 835 2099 suas
864 2002 1039 2093 umbras·
1054 2025 1125 2110 per
1139 2019 1270 2085 totam
1285 1997 1468 2109 longitu.

310 2176 445 2265 dinem
475 2168 512 2252 L
535 2157 591 2245 N.
617 2148 833 2259 dispergat,
875 2156 1045 2244 eamque
1074 2128 1214 2213 reddat
1233 2126 1467 2235 obscuram;

309 2302 426 2406 arne,
437 2318 533 2385 cum
550 2282 686 2397 plures
705 2260 932 2358 nebulare!
947 2256 1118 2345 nubium
1136 2253 1240 2341 smus
1256 2253 1327 2342 soli
1342 2256 1467 2341 iuter·

313 2432 495 2529 veniant,
526 2417 663 2518 imago
700 2400 786 2507 ejus
824 2387 1010 2504 plurimis
1041 2382 1196 2472 umbris
1230 2386 1274 2472 in
1299 2382 1468 2497 longum

314 2551 461 2647 diffusas
474 2550 512 2632 8(
527 2528 717 2652 parallelis
735 2516 1027 2611 obscurabitur.

315 2855 503 2992 XVHI.
540 2851 628 2980 Ab
642 2849 865 3010 imaginis
880 2844 1050 3005 figura*
1067 2835 1206 2957 aliud
1220 2836 1363 2951 etiam
1389 2878 1469 2949 ex-

232 3133 236 3140 ,
383 3036 688 3188 perimentum
722 3013 985 3142 deducitur,
1020 3041 1107 3162 quo
1138 3001 1244 3154 fiat
1268 2996 1478 3119 rmirrrm.

387 3176 616 3329 oblongiar.

368 3446 445 3527 Ur
464 3426 591 3518 distas
608 3412 872 3535 proprietates
889 3407 1005 3517 lucis,
1015 3408 1104 3520 qud
1118 3401 1235 3515 potui
1245 3395 1475 3510 diligantid,

313 3568 590 3683 perscrutarer,
624 3548 857 3661 sequentem
894 3555 1083 3647 praterea
1112 3531 1279 3617 modum
1310 3526 1483 3637 excogi-

313 3696 414 3800 tavi,
463 3713 549 3798 quo
583 3677 667 3767 illas
695 3668 869 3759 examini
906 3663 1149 3773 subjicerem.
1207 3660 1365 3764 Nempe
1407 3654 1478 3756 (in

320 3820 388 3931 ig.
413 3818 478 3922 6.)
524 3831 619 3895 cum
651 3795 891 3911 magnitudo
925 3785 1170 3877 circulorum
1209 3784 1327 3886 AC,
1369 3777 1480 3882 YZ,

321 3948 418 4028 BD
441 3935 659 4048 dependeat
692 3955 717 4011 a
749 3916 1028 4033 magnitudine
1053 3911 1183 4019 solari,
1223 3910 1252 3994 st
1278 3907 1484 3992 diameter.

320 4068 412 4155 solis
430 4064 540 4150 fieret
563 4058 773 4168 aliquanto
791 4047 938 4152 minor,
964 4065 1088 4155 quam
1105 4062 1213 4123 nunc
1233 4058 1368 4117 revera
1386 4024 1485 4110 exin

319 4200 522 4313 stit,tum
543 4191 602 4285 iili
615 4184 741 4283 ‚etiam
757 4174 896 4267 circuli
918 4173 1058 4260 fierent
1073 4168 1264 4269 minores,
1280 4151 1481 4243 distantia

1314 4282 1496 4351 centro--
