4058 5258
309 373 435 477 Sco.
473 367 534 467 11.
572 362 852 465 Cononun
891 363 1283 465 Punuonunrs.
1322 469 1325 475 Α
1361 389 1467 511 237

314 606 477 675 manant
509 613 533 668 a
569 580 730 666 diversis
764 577 1034 688 prismatibus;
1078 583 1116 669 tr
1152 580 1201 666 sle
1226 581 1275 665 de
1305 584 1465 671 ceteris.

313 716 446 821 Quare
473 704 681 817 omnigeni
705 702 804 788 radii
824 707 1133 791 commiscentur
1162 707 1203 790 in
1224 707 1463 819 unelquaque

312 860 424 946 parte
442 830 557 946 spatii
577 836 610 915 P
627 830 684 933 T,
711 831 749 916 8<
767 827 990 914 albedinem
1006 831 1098 952 ideo
1114 854 1382 940 component3
1409 830 1465 917 lm

312 964 552 1046 alterutrum
578 950 728 1063 prisma
752 953 878 1057 tollas,
907 974 1002 1065 puta
1022 961 1059 1038 A
1074 956 1107 1036 B
1123 958 1174 1057 C,
1197 954 1261 1038 vel
1280 955 1409 1042 lucem
1427 961 1466 1042 ei

314 1087 451 1196 potius
471 1080 671 1186 occludas,
691 1101 778 1165 tum
799 1077 915 1164 radiis
941 1076 1249 1165 rubriformibus
1267 1081 1317 1165 ab
1338 1085 1465 1188 MT,

317 1204 607 1294 flaviformibus
630 1207 681 1291 ab
696 1207 750 1290 M
770 1208 810 1311 S,
836 1202 1153 1289 viridiformibus
1178 1203 1228 1289 ab
1242 1207 1298 1290 M
1316 1210 1369 1313 R,
1396 1237 1466 1293 cae·

316 1329 589 1419 ruliformibus
616 1329 667 1412 ab
690 1328 744 1409 M
762 1333 815 1434 Q
838 1333 877 1415 8(
905 1328 1270 1439 purputiformibus
1296 1328 1345 1413 ab
1364 1333 1466 1416 MP

315 1460 493 1561 sublatis,
537 1455 758 1540 manebunt
777 1454 1035 1540 rubriformes
1061 1457 1102 1543 in
1132 1456 1176 1539 N
1195 1455 1251 1555 T,
1287 1455 1465 1541 llavifor·

318 1610 400 1670 mes
419 1586 461 1670 in
480 1584 523 1668 N
544 1587 586 1681 S,
611 1580 879 1666 viridiformes
907 1584 955 1666 in·
978 1584 1021 1666 N
1036 1588 1095 1687 R,
1122 1579 1400 1667 caerulilormes
1423 1584 1465 1667 in

316 1712 427 1821 NQ
456 1712 495 1798 dr
524 1705 848 1820 purpuriformes
876 1708 919 1792 in
947 1708 992 1792 N
1010 1713 1069 1791 P:
1104 1709 1300 1815 Adeoque
1315 1734 1464 1816 purpu-

317 1864 406 1921 reus
425 1832 629 1946 apparebit
648 1834 689 1918 in
709 1836 787 1920 P&
803 1831 988 1917 caeruleus
1015 1833 1057 1916 in
1079 1837 1133 1936 R,
1146 1853 1192 1914 ut
1220 1831 1469 1920 ostendimus⁴

297 1984 425 2048 ante.
481 1967 535 2047 Et
550 1957 664 2045 srmili
685 1959 852 2066 ratione,
871 1956 980 2044 filux
999 1960 1231 2045 occludatur
1250 1960 1362 2044 alteri
1373 1959 1466 2069 pris·

317 2091 416 2315 menti
431 2089 544 2198 abc,
563 2118 613 2176 ne
624 2110 816 2200 permeet,
843 2087 967 2174 rubor
981 2090 1182 2202 apparebit
1200 2087 1241 2171 iu
1270 2090 1312 2174 T
1336 2094 1375 2176 81
1399 2087 1466 2176 fla·
1594 2214 1601 2223 '

317 2246 344 2302 u
395 2218 481 2302 oin
497 2223 555 2307 R,

372 2473 436 2554 In
458 2464 543 2554 istis
558 2484 695 2581 autem
726 2464 973 2574 experiendls
999 2460 1230 2573 requiritur,
1267 2487 1314 2549 ut
1330 2468 1465 2580 anguli

320 2600 359 2678 A
379 2595 465 2677 CB
480 2595 517 2679 8(
539 2587 628 2671 acb
646 2587 721 2674 sint
735 2590 922 2700 equales,
940 2591 979 2676 id
996 2591 1107 2700 quod
1126 2591 1310 2697 tentabis,
1324 2592 1356 2674 'lt
1373 2594 1466 2702 pris·

320 2737 426 2801 mata
441 2716 654 2805 secundum
683 2716 975 2825 longitudinem
1001 2743 1141 2801 eorum
1161 2717 1217 2799 ita
1240 2717 1466 2825 connedlas,
1558 2715 1562 2723 ’

320 2861 367 2926 ut
385 2840 467 2926 duo
482 2867 531 2925 ex
547 2837 673 2951 planis
687 2837 819 2925 didlos
834 2839 1000 2949 angulos
1023 2840 1465 2952 comprehendentibus,

319 2985 417 3075 puta
438 2968 472 3050 B
500 2962 668 3053 eabe
692 2963 779 3077 (fig.
809 2965 882 3070 36)
911 2966 1008 3049 fiant
1031 2968 1234 3076 contigua,
1262 2968 1467 3080 &reliqua

320 3091 403 3174 duo
420 3094 507 3176 AC
524 3093 566 3176 8(
577 3116 638 3171 ac
654 3087 723 3175 fibi
740 3093 932 3199 opposita.
968 3095 1063 3199 Quo
1084 3089 1202 3197 fatto,
1221 3093 1249 3176 fi
1267 3096 1362 3179 radii
1378 3095 1467 3182 solis

320 3211 481 3325 ingrellr
515 3211 694 3299 foramen
721 3217 754 3298 F
787 3238 959 3322 pergunt
994 3219 1043 3301 ad
1069 3221 1238 3303 eundem
1272 3219 1406 3304 locum
1427 3227 1466 3332 5,

319 3366 413 3427 cum
427 3341 679 3449 trajiciuntur
696 3369 766 3451 per
781 3339 885 3425 didla
896 3340 1077 3450 prismata
1095 3347 1467 3461 perpendiculariter

319 3469 368 3551 ad
390 3496 530 3553 eorum
555 3468 677 3554 latera
710 3471 945 3576 Acuac,
972 3494 1092 3583 atque
1112 3503 1203 3560 cum
1232 3475 1350 3562 libere
1377 3505 1468 3588 pro·

319 3599 555 3705 grediuntur
585 3599 695 3685 nullo
728 3597 937 3707 interiefto
970 3604 1186 3706 obstaculo,
1235 3626 1322 3691 tum
1353 3606 1468 3713 plana

182 3738 185 3741 ·
323 3729 361 3800 Α
380 3726 418 3804 C
437 3721 664 3807 &arsum
690 3726 884 3831 parallelo,
911 3728 1103 3833 &anguli
1133 3732 1170 3808 A
1190 3728 1277 3809 CB
1304 3731 1342 3815 dr
1369 3760 1395 3810 a
1409 3728 1469 3810 cb

322 3843 510 3948 aquales,
533 3843 588 3927 fin
605 3847 706 3932 istud
720 3877 801 3934 non
818 3851 988 3951 eveniat,
1004 3849 1092 3931 lunt
1111 3849 1331 3957 inequales.
1350 3912 1352 3915 ·
1373 3860 1466 3958 Quo

324 3964 411 4053 casu
444 3988 607 4050 notetur
640 3995 837 4079 preterea,
862 3975 973 4085 quod
998 3973 1224 4061 inclinando
1252 3978 1365 4088 plana
1383 3978 1468 4063 BC

325 4089 439 4181 &bc
465 4089 553 4203 (fig.
571 4098 658 4202 35.)
689 4095 752 4180 vel
785 4099 836 4182 ab
864 4099 1037 4188 invicem
1071 4098 1477 4312 reclinandmalpssldfiis.
