4028 5252
547 382 618 493 50
869 346 965 452 Da
1015 274 1372 457 Mausuan
1529 359 1629 463 Par.
1669 360 1708 466 t.

415 826 422 839 ·
536 790 774 901 XXXIV.
828 786 1018 899 Modus
1057 785 1335 899 dimetiendi
1391 770 1700 933 resradiionet

638 947 896 1104 solidorum
920 948 989 1099 qd
999 947 1165 1105 fluida
1179 953 1598 1068 accnrnmuduutur.

598 1210 671 1293 Ex
700 1201 803 1290 hisce
818 1199 865 1286 lic
879 1199 1052 1311 ostensis,
1079 1202 1289 1314 problema
1306 1232 1390 1289 non
1410 1203 1555 1293 inutile
1579 1210 1704 1319 proli·

541 1336 712 1442 ciscitur,
754 1361 837 1443 quo
861 1329 1120 1419 refractiones
1155 1328 1375 1418 fluidorum
1408 1336 1551 1422 eodem
1574 1340 1701 1424 modo

544 1464 679 1553 metiri
709 1459 841 1575 poffis,
868 1487 914 1545 ac
941 1461 991 1547 dc
1018 1461 1152 1548 solidis
1179 1459 1378 1548 ostensum
1403 1461 1525 1549 estad
1547 1465 1615 1579 fig.
1639 1471 1701 1552 16.

543 1622 627 1679 non
643 1590 824 1679 adhibito
843 1585 1112 1676 instrumento
1128 1591 1171 1674 H
1185 1594 1222 1673 L
1235 1594 1274 1675 K
1288 1589 1400 1697 quod
1416 1592 1458 1674 in
1474 1590 1541 1713 fig.
1566 1617 1609 1696 15
1631 1595 1705 1678 de·-

543 1716 744 1807 scribitur..
794 1714 951 1803 Scilicet
992 1743 1044 1802 ex
1084 1716 1241 1802 laminis
1276 1704 1429 1823 vitreis,
1466 1720 1510 1803 in
1543 1742 1698 1804 morem

541 1847 665 1934 cunei·
691 1841 897 1950 connexis,
924 1842 1127 1931 vasculum
1152 1842 1422 1954 prismisorme
1447 1844 1702 1955 conficiatur,

541 1976 654 2084 cujus
673 1970 773 2060 acies
791 1969 871 2057 five
889 1970 1060 2080 angulus
1087 1972 1289 2059 verticalis
1310 1970 1355 2058 fit
1378 1977 1489 2086 grad.
1513 1976 1569 2058 86
1583 1975 1698 2061 circi⁶

541 2121 616 2206 ter,
643 2098 709 2186 vel
726 2128 793 2207 90.
848 2097 965 2185 Istius
986 2117 1124 2183 autem
1157 2099 1296 2209 anguli
1332 2100 1603 2212 quantitatem
1630 2127 1701 2183 ex·

539 2223 734 2318 asliffimi
746 2222 927 2312 mensuri
943 2224 1150 2335 cognitam
1164 2223 1344 2333 habebis,
1362 2225 1521 2338 ejusque
1539 2225 1701 2311 dimidii

517 2348 670 2439 ‘finum
700 2380 776 2465 pro
810 2350 894 2438 finu
924 2349 1173 2438 infractionis
1204 2348 1359 2465 semper
1388 2351 1545 2438 statues.
1601 2352 1699 2461 Quo

538 2472 717 2589 peraeto,
741 2504 837 2566 cum
865 2476 1036 2591 liquoris
1070 2475 1237 2587 alicuius
1266 2480 1331 2564 vis
1362 2475 1574 2564 refrafflva
1602 2475 1700 2563 deli·

539 2604 718 2714 deratur,
745 2603 949 2691 vasculum
974 2631 1071 2689 cum
1100 2602 1171 2688 illo
1201 2603 1361 2714 liquore
1390 2603 1621 2714 impleatur,
1661 2608 1700 2694 81

539 2724 584 2821 in
611 2737 686 2824 tali
717 2732 791 2822 litu
814 2732 1069 2845 disponatur,
1095 2753 1145 2816 ut
1171 2732 1274 2818 acies
1296 2761 1320 2816 a
1346 2733 1543 2820 concursu
1560 2732 1700 2820 resrin·

539 2867 727 2966 gentium
743 2865 964 2969 planorum
984 2859 1216 2967 constituta,
1240 2858 1483 2969 fitparallela
1511 2863 1562 2945 ad
1588 2861 1699 2945 hori·

530 3000 708 3063 ¹montem
727 2988 737 3011 ”
750 2984 790 3067 8(
806 2984 1141 3092 perpendicularis
1167 2985 1218 3070 ad
1234 2983 1365 3069 radios
1387 2981 1548 3090 solares;
1575 3003 1698 3095 atque
1775 2980 1777 2983 ’

538 3117 588 3182 ut
607 3099 667 3186 illi
689 3018 803 3211 dclii,
830 3131 901 3216 per
924 3104 1082 3217 prefata
1106 3107 1366 3219 refringentia
1391 3105 1509 3218 plana
1530 3107 1699 3219 najesli,

539 3223 797 3320 refusiones
820 3235 871 3319 ad
890 3228 1162 3347 ingressum&
1185 3232 1380 3353 egressum
1403 3233 1571 3347 equales
1592 3236 1699 3346 pati·

537 3376 672 3443 antur.
726 3363 782 3445 Et
798 3387 874 3473 ope
893 3361 1139 3475 quadrantis,
1168 3385 1216 3448 ut
1232 3361 1430 3451 ostensum
1451 3382 1537 3449 crat
1553 3361 1603 3445 ad
1622 3359 1694 3473 fig.

541 3484 865 3596 recipluntur
892 3489 1062 3603 angulus
1094 3488 1345 3599 incidentire,
1380 3489 1494 3597 cuius
1519 3486 1623 3575 finus
1644 3488 1696 3574 ad

538 3606 744 3719 profatum
775 3614 901 3706 smum
918 3618 1166 3708 retractionis
1182 3619 1260 3705 erit
1279 3642 1328 3706 ut
1346 3620 1451 3704 smus
1469 3615 1703 3733 incidentia.

537 3735 589 3951 pid
621 3735 750 3828 finum
779 3742 1025 3841 restaslionis
1050 3776 1101 3836 ex
1128 3774 1219 3836 acre
1246 3749 1291 3836 in
1317 3747 1517 3859 liquorem
1542 3766 1695 3856 PPOPO·

568 3880 679 3953 tumr

1406 4244 1585 4338 XXXV·
1612 4234 1695 4327 Re·
