4078 5250
341 295 545 409 scell.
615 284 1320 396 LucisCotonrnus.'
1398 294 1498 401 161
1645 422 1687 437 Ι,

342 523 496 647 locato²
523 510 575 623 td
595 506 826 621 distantiam
847 507 1158 596 convenientem
1182 508 1333 616 (veluti
1350 513 1504 605 duode-

343 648 427 737 cim
439 642 612 757 pedum)
628 638 824 726 statuatur
841 632 951 719 aliud
961 633 1104 744 prisma
1120 634 1216 717 abc
1231 635 1274 720 in
1289 637 1365 727 litu
1378 645 1503 730 trans.

344 771 459 861 verso
478 761 658 877 respebbt
688 761 850 873 prioris,
878 757 943 845 vel
968 756 1074 847 forte
1101 760 1303 872 parallelo,
1328 788 1398 853 aut
1421 769 1503 856 alio

343 896 492 1010 quovis
522 918 599 997 pro
624 887 823 993 arbitri03
849 886 907 970 ita
933 906 1070 974 tamen
1096 910 1144 975 ut
1168 890 1343 975 anterius
1360 893 1504 1003 prisma

345 1033 387 1113 A
405 1027 441 1107 B
458 1027 498 1109 C
532 1019 665 1106 lucem
696 1012 906 1101 renatum
928 1017 969 1103 81
992 1015 1214 1103 coloratam
1241 1018 1431 1127 projiceat
1457 1024 1503 1109 in

345 1144 513 1261 aliquod
545 1171 596 1230 ex
617 1139 747 1255 planis
767 1138 957 1226 lateribus
978 1166 1006 1223 a
1021 1167 1057 1246 c,
1081 1144 1194 1256 quod
1210 1143 1380 1255 quidem
1399 1146 1505 1235 latus

348 1275 575 1362 obducatur
597 1290 751 1380 papyro
769 1265 992 1376 denigrati,
1016 1271 1055 1358 8(
1078 1271 1227 1382 exiguo
1251 1268 1448 1362 foramine
1462 1279 1504 1360 G

347 1428 418 1512 per
437 1396 616 1485 medium
633 1386 853 1499 transfoffa,
880 1418 952 1502 per
968 1394 1083 1507 quod
1103 1395 1227 1511 aliqui
1247 1424 1297 1484 ex
1315 1399 1435 1484 radiis
1452 1400 1505 1485 ab

346 1524 550 1612 anteriore
568 1519 755 1633 prismate
775 1515 956 1623 refraEtis
984 1516 1178 1628 transeant
1199 1522 1243 1608 in
1266 1521 1345 1612 hoc
1359 1523 1505 1636 prisma

347 1653 561 1767 posterius;
590 1648 677 1755 ubi,
703 1670 799 1735 cum
815 1642 948 1732 rursus
964 1644 1123 1736 refraui
1140 1645 1306 1762 fiterint,
1333 1672 1504 1764 pergant

349 1782 400 1867 ad
413 1803 612 1891 papyrum
628 1775 703 1862 HI
716 1772 769 1861 ab
785 1773 879 1860 inde
895 1774 1035 1867 decen
1049 1777 1217 1891 pedibus
1239 1778 1302 1866 vel
1319 1776 1506 1891 pluribus
1575 1814 1598 1837 ν

349 1909 571 1996 distantem
626 1902 785 2017 Quibus
799 1905 857 1992 ita
881 1907 1111 2019 compofitis
1128 1914 1170 2000 8r
1191 1904 1444 2014 constrnffin
1461 1903 1507 1991 in

349 2039 424 2126 litu
443 2036 513 2123 illo
528 2033 677 2152 figatur
687 2060 862 2147 papyrus
880 2034 958 2121 Hl
974 2037 1220 2149 &posterius
1236 2036 1380 2147 prisma
1395 2031 1506 2117 abc.

348 2168 536 2281 Denique
577 2193 658 2277 prae
695 2164 883 2252 manibus
922 2162 1101 2254 sumatur
1140 2167 1319 2255 anterius
1361 2160 1506 2273 prima

348 2300 388 2380 A
405 2298 440 2376 B
459 2296 513 2401 C,
539 2321 623 2376 non
641 2312 688 2374 ut
713 2312 925 2375 moveatur
950 2319 975 2375 e
998 2291 1092 2377 loco
1108 2293 1206 2396 ejus,
1232 2289 1296 2374 sed
1322 2310 1370 2373 ut
1387 2306 1507 2374 motu

349 2439 508 2502 tanturn
522 2414 702 2524 angulari
716 2440 826 2499 nunc
839 2417 920 2498 huc
933 2439 1041 2499 nunc
1054 2414 1150 2498 illuc
1164 2409 1372 2521 paululum
1388 2411 1506 2502 incli·
1558 2411 1569 2432 ’

350 2560 486 2641 netur,
512 2556 559 2621 ut
580 2534 681 2617 alios
706 2558 827 2643 atque
853 2533 955 2618 alios
979 2534 1136 2620 colores
1164 2531 1373 2621 succellive
1395 2534 1508 2639 traji-

351 2662 431 2747 ciat
448 2686 518 2772 per
542 2657 720 2741 foramen
738 2663 780 2744 G
809 2656 852 2744 in
881 2655 1103 2766 oppofitam
1126 2684 1324 2769 papyrum
1350 2661 1443 2763 HI,
1469 2663 1510 2750 8r

351 2787 521 2893 videbis,
546 2783 660 2896 quod
687 2782 803 2868 color
833 2781 1002 2892 quilibet
1031 2780 1209 2870 diversus
1226 2784 1277 2870 ad
1297 2783 1434 2872 locum
1448 2786 1508 2872 di·

351 2913 511 3003 versum
528 2932 682 3023 perget.
736 2907 892 3016 Veluti,
919 2935 1013 2996 cum
1027 2936 1073 2996 ea
1088 2907 1138 2992 lit
1151 2908 1295 3022 positio
1311 2911 1508 3023 prismatis

354 3045 513 3149 ABG,
541 3060 587 3124 ut
606 3038 730 3122 rubor
753 3040 869 3125 cadat
886 3038 936 3123 ad
951 3042 1006 3146 G,
1025 3037 1180 3126 videbis
1197 3038 1318 3126 istum
1334 3061 1431 3151 puta
1455 3040 1509 3127 ad

168 3256 176 3269 ,
352 3168 395 3253 Τ
413 3166 579 3277 refringi
597 3199 609 3271 ;
634 3170 673 3254 81
689 3162 762 3249 hac
778 3165 974 3274 positione
992 3165 1187 3277 prifinatis
1209 3172 1248 3252 A
1265 3172 1301 3252 Β
1316 3170 1355 3253 C
1370 3165 1509 3276 paulu·

351 3293 437 3381 lum
466 3286 632 3394 mutati,
659 3287 891 3376 inclinando
923 3291 967 3378 id
994 3293 1098 3378 circa
1123 3317 1239 3377 axem
1261 3292 1390 3379 donoc
1413 3318 1508 3401 pur-

350 3447 448 3532 pura
462 3420 578 3507 cadet
594 3417 635 3503 in
655 3422 721 3503 G:
750 3418 919 3527 videbis,
933 3419 1045 3530 quod
1063 3417 1129 3504 ille
1141 3418 1257 3505 color
1278 3420 1390 3527 juxta
1407 3419 1510 3506 obli·

351 3553 535 3660 quiorem
562 3546 765 3632 tramitem
793 3544 1048 3658 refringetur,
1068 3571 1168 3660 puta
1187 3551 1236 3635 ad
1258 3551 1317 3655 P;
1355 3553 1396 3634 δι
1422 3546 1508 3657 pari

352 3680 491 3781 modo,
527 3672 698 3760 ficolor
729 3672 876 3782 aliquis
906 3674 1166 3760 intermedius
1194 3674 1344 3758 incidat
1379 3677 1424 3761 in
1452 3677 1508 3781 G,

354 3799 463 3883 idem
491 3797 731 3907 refringetur
763 3799 813 3882 ad
838 3799 972 3886 locum
997 3793 1087 3906 ipsrs
1112 3794 1258 3881 1²&T
1280 3797 1508 3907 interjacen-

355 3943 453 4011 tem.
507 3922 793 4029 Quamobrem,
834 3952 927 4008 cum
968 3920 1068 4008 radii
1107 3918 1314 4028 cujussibet
1352 3919 1508 4034 generis

355 4066 565 4162 pergentes
592 4075 615 4133 a
640 4044 835 4149 foramine
861 4054 893 4136 F
902 4050 1108 4257 positione
1131 4050 1228 4139 dato
1251 4052 1299 4136 ad
1326 4047 1508 4256 segmen

1288 4202 1291 4209 Α
1433 4195 1507 4279 po·
