4028 5252
309 416 518 531 scell.
595 408 1296 513 Ruauanctmnruas.
1404 437 1474 558 27

314 649 453 754 Atque
481 632 591 720 idem
621 628 745 717 credo
777 627 829 714 de
857 624 977 714 stellis
1008 623 1145 741 prima
1172 627 1477 742 magnitudinis,
1570 695 1578 707 .

313 771 375 858 uti
393 767 445 853 de
464 760 569 851 Sirio
585 758 704 846 liceat
718 754 940 863 obstrvare,
968 754 1181 868 praesertim
1205 753 1234 837 sa
1255 756 1339 842 lens
1364 756 1476 844 adhi-

310 905 451 993 bmtur
465 913 646 1011 quatuor
662 889 729 980 vel
751 889 817 977 sex
837 889 990 1002 digitos
1009 887 1104 999 lata,
1131 910 1178 977 ut
1193 887 1326 1000 plures
1344 890 1476 979 radios

303 1031 563 1123 transmittat.

314 1384 451 1489 XXI.
488 1376 555 1488 Et
597 1367 862 1520 applicatur
896 1360 1190 1519 descriptioni
1223 1365 1469 1509 resradiio·

625 1538 699 1642 nis
725 1530 790 1636 ad
804 1527 883 1683 fig.
918 1561 960 1638 1.
986 1526 1172 1643 tradita

361 1794 474 1878 Hoc
488 1784 824 1899 experimentum,
841 1807 965 1894 quam
977 1780 1385 1872 beneconvenitcum
1402 1818 1468 1874 ex·

308 1914 523 2029 plicatione
540 1912 687 2019 nostri,
714 1938 839 2027 quam
857 1910 907 1995 de
920 1904 1156 1995 renatlione
1173 1909 1391 2022 radiorum,
1418 1919 1469 2003 ad

307 2044 478 2131 eundem
494 2037 686 2152 angulum
704 2035 975 2124 incidentium
992 2033 1118 2143 varii,
1139 2033 1211 2118 sub
1225 2034 1346 2122 initio
1361 2040 1468 2149 dedi,

304 2168 625 2283 operaepretium
655 2164 843 2251 videatur
866 2163 1071 2248 adnotare.
1126 2160 1174 2246 In
1193 2159 1467 2275 liguriprimi

298 2296 483 2411 supposui
516 2292 746 2405 complures
786 2289 918 2376 radios
937 2317 1018 2401 ‚per
1051 2289 1217 2374 eandem
1248 2288 1398 2377 tellam
1422 2296 1467 2382 in

297 2423 547 2540 superficiem
564 2422 744 2535 aliquam
770 2415 1056 2528 refringentem
1079 2414 1287 2507 succeffive
1311 2419 1467 2510 delatos

302 2555 392 2662 elie,
419 2553 648 2664 ibidemque
680 2548 782 2636 alios
816 2549 905 2634 aliis
942 2548 1065 2658 paulo
1100 2550 1230 2661 magis
1261 2550 1464 2660 gradatim

304 2679 484 2785 refringi.
534 2680 659 2784 Quod
685 2680 715 2764 lu
738 2677 824 2761 lieri
854 2678 1118 2790 concipiatur,
1145 2680 1304 2763 abunde
1330 2681 1466 2789 seque·

304 2827 433 2913 retur,
460 2802 572 2915 quod
606 2799 704 2885 radii
734 2798 784 2886 sac
809 2803 979 2913 refralii,
1018 2802 1245 2915 incorpore
1278 2803 1463 2916 deinceps

301 2960 430 3047 opaco
449 2931 612 3045 quovis,
638 2948 685 3015 ut
701 2956 873 3043 papyro,
900 2934 1247 3045 interciperentur,
1275 2931 1464 3021 lineolam

302 3066 360 3151 ibi
388 3062 563 3148 lucidam
596 3060 875 3172 depingerent.
930 3063 1020 3169 Jam
1052 3063 1146 3151 licet
1179 3063 1326 3152 radlia
1352 3065 1463 3152 stella

300 3191 438 3304 aliqui
450 3190 657 3276 venientes
673 3214 756 3274 non
779 3212 918 3272 omnes
936 3189 977 3277 in
994 3190 1135 3279 cidem
1154 3190 1262 3278 redii
1279 3212 1461 3303 pergant,

300 3337 451 3424 tamen,
475 3314 590 3426 quod
610 3312 854 3397 tantundem
882 3313 952 3421 est,
989 3343 1064 3428 pro
1098 3316 1292 3428 parallelis
1323 3314 1460 3400 haberi

296 3438 470 3557 poliunt,
495 3445 535 3529 lit
565 3437 680 3551 quod
711 3465 735 3520 a
767 3440 876 3527 lente
891 3450 1073 3530 convexi
1091 3440 1222 3530 effodii
1246 3442 1336 3529 lunt
1362 3470 1459 3528 con·

295 3589 524 3681 vergentes,
564 3584 781 3678 antequam
816 3571 1016 3680 attingant
1051 3572 1223 3683 prisma;
1251 3572 1330 3656 hoc
1358 3573 1456 3656 adeo

296 3723 381 3781 non
399 3690 569 3780 destruit
587 3691 828 3801 analogiam,
856 3716 904 3781 ut
930 3723 1017 3783 eam
1037 3700 1211 3784 maxime
1228 3696 1455 3782 confirmet.

296 3819 461 3905 Etenim
497 3844 571 3927 pro
602 3814 765 3927 fingulis
796 3824 838 3905 in
868 3824 1007 3909 eidem
1039 3822 1148 3909 redii
1182 3818 1453 3932 pergentibus,

296 3944 417 4031 debes
444 3966 603 4027 tantum
632 3945 844 4055 concipere
887 3970 951 4032 tot
984 3950 1189 4035 radiorum
1231 3950 1452 4058 penicillos,

293 4074 368 4189 qui
401 4098 542 4158 omnes
575 4070 744 4158 habeant
775 4078 945 4161 eundem
983 4104 1113 4186 mem,
1154 4081 1327 4166 &idem
1350 4103 1452 4183 pun·

291 4200 405 4290 Cium
421 4195 728 4306 concursum&
760 4202 871 4312 quod
899 4200 1356 4316 istorumpenicillorum
1380 4197 1449 4282 alii

847 4334 933 4420 Ea
1318 4328 1447 4439 magis
