4028 5252
320 404 531 524 setta.
606 402 1317 509 arrianorum-s.
1421 434 1511 555 ²3⁴

324 648 442 744 purte
472 620 607 713 solaris
646 622 832 712 diametri
864 620 980 710 adse
1009 622 1186 711 invicem
1236 620 1494 737 inclinantur,

237 854 243 861 ,
325 756 513 845 diametri
565 752 677 857 AC,
729 749 890 841 qu
927 752 1017 836 BD
1052 751 1260 837 diminuta
1296 753 1491 840 diametro

318 882 529 974 foraminis
557 884 606 991 F,
634 878 781 967 debent
810 875 888 965 effe
914 879 1139 993 quintuplo
1169 880 1347 967 minores
1365 908 1490 993 quam

318 1013 537 1102 fecundum
589 1006 725 1121 priora
761 1008 1032 1117 contingeret,
1073 1026 1121 1093 ut
1163 1008 1301 1094 videre
1344 1008 1401 1096 est
1445 1011 1488 1098 in

322 1140 393 1251 fig.
429 1151 468 1222 6.
503 1141 543 1227 dr
577 1164 616 1246 7·
643 1129 755 1245 quasr
785 1130 913 1219 asole
937 1127 1060 1218 effent
1082 1127 1244 1242 efferta,
1271 1134 1382 1243 cujus
1404 1133 1487 1221 dia·

323 1290 455 1352 meter
486 1260 535 1349 fit
563 1258 784 1376 quinquies
815 1260 953 1345 minor
981 1258 1181 1346 diametro
1215 1257 1307 1347 solis
1348 1261 1487 1348 nostri.

319 1397 492 1498 Verum,
519 1387 710 1501 ficorpus
747 1412 921 1500 opacum
939 1386 1022 1499 fg
1068 1385 1158 1497 (fig.
1173 1386 1236 1493 9.)
1262 1386 1488 1497 tolleretur,

322 1542 371 1605 ut
387 1519 488 1603 radii
505 1543 722 1628 perunum
739 1513 997 1603 solummodo
1016 1510 1196 1601 foramen
1220 1515 1318 1601 Fad
1340 1514 1484 1626 prisma

320 1643 545 1755 transirent,
582 1642 683 1731 ficut
711 1644 755 1730 in
788 1643 992 1755 prioribus
1026 1640 1178 1729 fafium
1210 1642 1280 1752 est,
1308 1644 1485 1731 latitudo

316 1769 505 1888 imaginis
546 1773 737 1859 evaderet
781 1783 848 1873 ιθ
890 1770 1131 1883 digitorrun,
1183 1772 1222 1858 8r
1266 1769 1482 1882 longitudo

318 1898 532 2013 plusquam
550 1918 574 2001 5
594 1897 677 2009 dig.
702 1896 857 2012 angulo
890 1922 1036 2007 nempe
1065 1893 1262 2005 prismatis
1289 1897 1482 1983 existente

317 2038 373 2111 σο
388 2024 503 2139 grad.
531 2020 595 2109 vel
612 2023 734 2136 panto
757 2023 914 2134 majori.
971 2022 1116 2136 Itaque
1142 2023 1335 2110 diameter
1350 2024 1479 2113 circu·

314 2153 450 2241 lorum
482 2160 521 2239 A
541 2155 593 2260 C,
623 2152 765 2242 YZ&
783 2152 890 2261 BD,
931 2151 1006 2267 qui
1035 2176 1099 2258 eo,
1127 2178 1212 2266 quo
1245 2150 1399 2239 dietum
1421 2153 1478 2240 est

310 2282 449 2390 modo,
475 2279 697 2393 imaginem
725 2276 994 2382 constituunt,
1030 2271 1123 2362 esset
1153 2289 1199 2382 ιξ
1228 2278 1309 2389 dig.
1336 2282 1362 2362 a
1394 2281 1491 2392 qud.

311 2402 554 2497 subducatur
569 2407 766 2493 diameter
781 2405 992 2492 foraminis
1011 2433 1156 2520 nempe
1177 2409 1196 2495 i
1216 2406 1297 2520 dig.
1325 2412 1363 2496 8<
1390 2437 1475 2495 ma·

313 2534 425 2621 nebit
445 2536 515 2623 12²4
542 2534 625 2641 dig.
643 2535 757 2644 cujus
774 2536 928 2648 quinta
943 2534 1050 2644 parti
1077 2533 1208 2622 rursus
1236 2537 1479 2649 adjungatur

316 2662 457 2749 eadem
482 2659 689 2747 foraminis
718 2664 913 2751 diameter
950 2665 1032 2751 five
1053 2672 1074 2761 ἱ
1093 2666 1232 2777 dig&
1254 2668 1473 2775 prodibit}

316 2788 402 2901 dig.
417 2784 613 2872 diameter
630 2787 871 2875 circulorum
901 2796 1006 2902 Ac,
1034 2796 1069 2881 Y
1089 2794 1140 2901 Z,
1165 2796 1204 2880 8(
1230 2795 1327 2878 BD
1347 2792 1389 2878 in
1407 2791 1478 2903 fig.

313 2916 356 3003 8.
384 2945 474 3034 quar
497 2916 634 3004 minor
664 2917 723 3004 est
739 2947 864 3032 quam
895 2923 1091 3011 diameter
1108 2922 1355 3012 circulorum
1381 2922 1474 3012 isto·

306 3076 404 3136 rum
436 3047 477 3136 in
512 3046 582 3162 fig.
608 3050 648 3135 6.
669 3038 900 3163 quantitate
931 3068 949 3160 ξ
978 3055 1061 3169 dig.
1116 3052 1391 3164 Quamobrem
1428 3058 1473 3145 fi-

312 3200 413 3291 gura
442 3176 809 3290 &quaquaversum
826 3178 884 3265 est
903 3181 1040 3267 minor
1071 3210 1195 3299 quam
1223 3185 1328 3268 sexta
1343 3212 1470 3298 quan-

313 3302 428 3392 titate
455 3304 581 3416 i'dig.
638 3313 778 3419 Atque
806 3306 900 3392 ideo
924 3308 1142 3421 longitudo
1164 3313 1249 3422 ejus
1284 3310 1332 3396 fit
1368 3312 1470 3422 plus·

310 3456 433 3545 quam
447 3462 476 3540 4
492 3431 576 3540 dig.
603 3428 779 3517 latitudo
805 3455 942 3521 autem
962 3436 1081 3547 digiti
1099 3439 1239 3525 triens.
1291 3440 1337 3525 ld
1356 3440 1470 3552 quod

306 3580 401 3642 cum
416 3556 674 3669 experientid.
692 3559 818 3643 modo
835 3561 1024 3649 recensita
1045 3566 1226 3677 quadrat.
1281 3567 1345 3652 Ad
1372 3594 1469 3652 eun·

311 3684 404 3771 dem
434 3688 620 3794 modum,
657 3685 685 3771 fr
708 3685 905 3774 foramina
918 3696 962 3803 f
976 3698 1014 3783 8(
1037 3692 1215 3780 Fadhuc
1228 3698 1388 3782 minora
1406 3695 1469 3781 fo.

310 3830 414 3917 rent,
423 3809 719 3898 velfidistantia
719 3813 763 3920 f
770 3816 801 3898 F
813 3810 915 3902 foret
927 3823 1066 3929 major,
1076 3822 1212 3931 imago
1232 3820 1470 3908 PTobion·¹

308 3932 625 4075 giorevaderet.
681 3938 810 4047 Quod·
843 3941 948 4028 idem
988 3972 1152 4059 quoque
1186 3948 1478 4064 quadantenus-

308 4076 577 4169 contrngeret,
618 4091 668 4148 ex
698 4064 873 4176 imagine
904 4073 996 4158 PT
1029 4100 1052 4156 a
1089 4070 1273 4182 prisrnnte
1303 4073 1478 4183 longius..

307 4176 455 4275 aiffitt.
496 4187 936 4282 Caterumnotaudum
948 4199 1015 4306 est,
1039 4199 1151 4311 quod
1168 4199 1360 4288 foramina
1368 4197 1413 4301 f
1422 4198 1468 4282 dr.

1357 4322 1472 4408 End:
