4058 5258
601 420 708 540 234
980 396 1086 500 Du·
1119 396 1380 501 viane
1555 405 1651 506 Par.
1692 405 1760 508 ll,

601 617 670 702 lux
690 611 768 721 ina,
787 608 1001 725 postquam
1017 611 1167 700 translit
1185 638 1256 724 per
1274 616 1321 720 Ρ,
1339 641 1419 700 non
1433 616 1763 709 socusconverte·

600 768 667 829 tur
683 745 725 831 in
742 740 894 828 colores
909 745 1015 859 apud
1037 747 1082 847 P,
1109 744 1173 849 Q,
1195 748 1246 840 R,
1277 744 1316 850 5,
1344 741 1400 849 Τ,
1424 767 1548 854 quam
1575 751 1762 861 contigit

599 872 643 961 in
675 868 997 980 precedentibus.
1053 868 1211 955 Scilicet
1242 867 1461 978 inspicienti
1499 866 1654 955 schema
1682 901 1760 983 pa-

601 993 718 1099 tebit,
745 993 955 1101 quomodo
987 992 1356 1079 radiidiversorum
1372 1015 1561 1103 generum
1579 994 1754 1106 inequa-

600 1119 694 1211 liter
715 1115 1143 1232 rebelli-convergant
1164 1148 1188 1202 a
1212 1116 1373 1202 diverlis
1393 1116 1575 1230 partibus
1597 1120 1764 1228 priima-

601 1245 712 1333 tisad
725 1243 824 1330 illud
839 1247 885 1354 F,
893 1245 964 1334 ubi
979 1248 1094 1357 (utbr
1107 1245 1198 1333 hinc
1207 1242 1300 1331 inde
1326 1243 1470 1351 versusv
1488 1249 1526 1329 G
1541 1248 1580 1332 δι
1587 1250 1639 1358 g)
1647 1244 1762 1336 com·

602 1370 1030 1477 ponunt-albedinem
1058 1370 1123 1459 led
1151 1370 1253 1458 inibi
1275 1365 1516 1455 decollantes
1540 1370 1759 1483 divergunt

602 1494 751 1609 postea,
778 1497 1002 1614 diversique
1020 1497 1230 1587 coloresin
1247 1494 1398 1582 diversa
1411 1492 1533 1605 spatia
1548 1498 1594 1601 P,
1615 1500 1678 1605 Q,
1704 1500 1768 1607 R,

604 1628 645 1727 5,
673 1625 716 1710 T
745 1628 930 1713 tendunt.
985 1634 1040 1717 Et
1066 1626 1173 1735 hinc,
1198 1652 1292 1713 cum
1312 1625 1410 1709 radii
1421 1623 1612 1737 repagulo
1630 1623 1766 1738 quoli-

603 1744 672 1835 bet
689 1751 731 1837 Η
748 1779 800 1839 ex
828 1749 985 1839 utrivis
1013 1776 1126 1863 parte
1151 1750 1346 1865 prismatis
1373 1750 1692 1860 intercipiuntur,
1731 1776 1763 1833 e-

602 1876 805 1967 coloribus
839 1882 886 1984 P,
912 1882 1056 2026 Q,R,
1086 1883 1124 1988 5,
1152 1880 1197 1966 Τ
1225 1879 1350 2024 aliqui
1374 1879 1578 1964 tollentur
1631 1878 1674 1961 Si
1699 1903 1759 1960 ra·

599 1995 689 2080 dios
707 2026 850 2111 nempe
875 2004 1018 2127 vertiqi
1044 2008 1083 2087 C
1101 2002 1258 2089 vicinos
1276 2003 1527 2113 intercipias,
1536 2002 1652 2087 tolles
1666 2028 1763 2115 put·

600 2128 850 2229 pureumP;
840 2121 937 2201 vel
965 2123 1078 2207 tolles
1094 2122 1265 2209 rubeum
1295 2125 1662 2231 T,fi1nterc1pras
1688 2153 1774 2211 eos

599 2238 681 2330 bost
698 2249 742 2333 A
757 2245 795 2328 B
818 2243 988 2329 viciuos
1044 2238 1114 2327 Er
1117 2237 1181 2328 src
1198 2247 1250 2329 de
1267 2244 1385 2349 aliis3
1412 2245 1474 2327 ita
1492 2264 1538 2329 ut
1555 2243 1771 2358 quossibet

601 2399 678 2485 pro
708 2370 876 2459 arbitrio
907 2364 1027 2483 pollis
1053 2363 1218 2480 tollere,
1230 2369 1306 2458 uel
1320 2365 1492 2480 efficere,
1505 2392 1555 2457 ut
1583 2372 1770 2487 quilibet

604 2494 723 2587 solus
730 2518 941 2613 appareat

580 2784 595 2810 ·
663 2758 911 2860 Damone,
941 2750 969 2837 fi
996 2749 1066 2836 lux
1098 2773 1149 2834 ex
1181 2746 1302 2835 unici
1318 2766 1476 2836 tantum
1505 2768 1618 2859 parte
1654 2778 1761 2865 pone

609 2878 981 2993 prisma-limitetur,
1009 2870 1074 2963 uel
1094 2872 1226 2965 fiduo
1246 2875 1466 2962 statuantur
1474 2874 1635 2983 limites,
1651 2878 1760 2989 iique

609 3004 675 3089 vel
690 3006 741 3089 ad
757 3006 911 3092 easdem
938 3003 1004 3091 uel
1027 3005 1076 3090 ad
1095 3001 1294 3111 oppofitas
1310 3027 1441 3147 partes
1464 3002 1670 3113 prismatis,
1696 3005 1774 3090 vel

609 3154 855 3245 quocunque
873 3130 954 3215 alio
975 3127 1183 3215 modolux
1201 3129 1470 3233 terminetur,
1493 3132 1652 3238 modus,
1674 3159 1771 3243 quo

610 3258 783 3347 colores
792 3258 935 3343 exinde
960 3280 1215 3399 generantur,
1233 3286 1285 3344 ex
1304 3254 1514 3346 antedictis
1524 3256 1635 3347 facrle
1653 3282 1774 3373 pate·

609 3376 685 3480 bit,
716 3368 765 3462 ut
781 3379 974 3483 jacturam
1006 3384 1199 3482 temporis
1235 3381 1368 3465 fecero
1399 3384 1449 3462 de
1481 3381 1554 3465 bac
1581 3386 1773 3497 replum

608 3439 743 3589 verba
763 3496 951 3586 facturus
1007 3497 1270 3603 Quinetiam,
1282 3502 1405 3584 induo
1433 3499 1499 3582 vel
1528 3504 1643 3608 plura
1667 3510 1765 3651 pris
1747 3562 1779 3583 ..

609 3646 716 3714 mata
733 3636 974 3747 quocunque
993 3615 1144 3707 modo
1133 3639 1236 3706 tuter
1258 3619 1295 3704 se
1310 3621 1584 3733 disponantur,
1609 3634 1785 3738 peritus.

615 3750 766 3871 optices
770 3740 898 3838 facile
912 3745 1139 3860 explorabit
1155 3745 1335 3833 eausam.
1445 3826 1447 3830 .

668 4014 915 4105 Caranon
942 4008 993 4093 de
1011 4004 1135 4091 modo
1151 4002 1316 4092 tollendi
1335 3999 1531 4117 quossibet
1550 4006 1780 4101 colores-in.

617 4140 700 4265 Q
713 4161 866 4257 34.,per
884 4127 1230 4252 interpositionem
1258 4130 1449 4223 obstaculi
1474 4132 1516 4216 H
1540 4130 1606 4221 hic
1630 4133 1775 4219 obiter.

1620 4276 1781 4345 notan..
