4078 5250
564 404 687 499 222
918 376 1022 481 Da
1060 370 1437 485 Raoroauu
1540 374 1640 491 Par.
1677 366 1780 493 lt'

574 603 650 692 arel
675 594 812 689 seufim
839 594 958 684 abeat
987 598 1031 685 in
1062 597 1230 685 colores.
1287 600 1328 685 si
1359 603 1518 708 penitus
1547 628 1736 716 appareat

581 729 688 840 alba,
711 747 811 812 tunc
838 723 1022 837 prismata
1047 753 1138 811 cum
1155 725 1261 810 lente
1280 723 1384 811 rede
1403 730 1640 840 disposuisti,
1678 733 1737 818 fin

580 852 710 969 aliqui
732 852 888 939 colores
917 852 968 937 ad
995 852 1030 934 Y
1045 874 1273 959 cernantur,
1301 854 1440 962 prisma
1468 864 1507 943 D
1524 864 1558 944 E
1574 864 1612 942 G
1629 859 1740 942 circa

581 984 695 1069 suum
714 1006 832 1064 axem
847 1004 896 1064 eo
912 977 1035 1063 modo
1052 1003 1193 1087 pamm
1212 979 1397 1065 converti
1411 983 1600 1090 debet,ut
1619 984 1739 1067 colo·

576 1138 646 1197 ,res
672 1109 919 1216 minuantur,
946 1111 998 1216 dr,
1023 1135 1117 1195 cum
1133 1109 1291 1219 penitus
1314 1110 1572 1201 evanudre&
1597 1111 1668 1197 lux
1694 1112 1738 1196 in

583 1256 721 1326 totum
735 1236 909 1345 albescit,
940 1236 1023 1323 fiste
1041 1237 1197 1348 prisma.
1251 1238 1374 1346 Quod
1400 1239 1624 1353 finequeas
1659 1239 1738 1325 hoc

572 1364 708 1453 modo
730 1362 904 1474 efficere,
930 1368 1032 1481 quin
1046 1363 1117 1451 lux
1132 1364 1238 1451 inter
1262 1364 1545 1453 transeundum
1562 1369 1612 1453 ab
1630 1368 1671 1450 X
1685 1366 1736 1452 ad

581 1500 686 1583 Yex
703 1492 839 1613 aliqud
854 1495 922 1583 sua
937 1520 1050 1609 parte
1065 1494 1317 1609 transmigret
1336 1498 1376 1581 in
1395 1494 1566 1605 colores,
1581 1496 1736 1587 ,lentem

579 1625 637 1709 M
652 1626 698 1709 N
724 1624 847 1732 paulo
871 1622 1035 1735 longius
1060 1651 1084 1709 a
1107 1625 1291 1734 prismate
1319 1630 1358 1709 A
1374 1624 1409 1704 B
1425 1628 1465 1711 C
1485 1621 1665 1728 transfer,
1698 1623 1738 1707 8(

579 1746 674 1835 loco
690 1748 732 1834 X
751 1746 883 1836 rursus
900 1746 1085 1857 invento,
1103 1748 1175 1836 ubi
1192 1748 1349 1834 colores
1367 1750 1411 1834 io
1430 1747 1651 1837 albedinem
1671 1769 1737 1828 ac·

570 1873 822 1963 ,curatissime
847 1896 1117 1986 convergunt,
1144 1879 1188 1964 in
1214 1906 1263 1963 eo
1279 1877 1406 1965 statue
1429 1879 1573 1990 prisma
1599 1880 1639 1962 D
1655 1872 1738 1965 EF

576 2018 625 2083 ut
645 1999 770 2106 prius,
784 2008 825 2090 8<
841 2003 972 2084 rursus
993 2006 1188 2108 experire,
1211 2030 1262 2087 an
1282 2004 1404 2110 poffis
1429 2008 1561 2093 lucem
1580 2003 1659 2090 fine
1674 2004 1752 2090 co-'

576 2125 731 2209 loribus
743 2126 796 2203 ad
827 2127 862 2202 Y
884 2124 1104 2223 projicere3
1132 2130 1173 2207 8r
1191 2152 1285 2207 cum
1301 2153 1351 2208 eo
1371 2124 1495 2230 usque
1514 2131 1743 2229 mutaveris

573 2244 791 2361 positiones
820 2236 1054 2351 prismatum
1082 2244 1121 2329 δι
1141 2240 1272 2346 lentis,
1289 2244 1388 2327 dum
1402 2232 1580 2330 effeceris
1602 2245 1741 2335 lucem

570 2376 629 2463 nd
645 2375 680 2462 Y
695 2367 916 2479 trajedam,
932 2367 1237 2479 quamminime
1254 2366 1375 2481 poffis
1388 2371 1629 2475 coloratam,
1643 2371 1743 2483 pris·

578 2525 689 2591 mata
713 2526 808 2585 cum
833 2497 939 2582 lente
969 2494 1013 2581 in
1043 2523 1095 2583 eo
1122 2493 1198 2582 satu
1217 2496 1408 2609 figantur,
1434 2498 1558 2609 idque
1581 2498 1647 2583 vel
1662 2527 1741 2609 ope

581 2632 724 2737 trabis,
757 2650 807 2715 ut
836 2629 880 2714 in
896 2625 1097 2715 schemate
1124 2626 1376 2734 describitur,
1412 2628 1480 2713 vel
1495 2625 1585 2713 tubi
1601 2651 1671 2716 aut
1685 2629 1744 2740 in·¹

582 2759 795 2851 strumenti
812 2754 986 2855 cujusvis
1001 2750 1155 2834 iocum
1170 2749 1295 2839 finem
1313 2751 1507 2842 fabricati.

633 3008 747 3091 Con
783 2998 927 3087 habeas
957 2997 1061 3089 hanc
1095 3000 1324 3090 machinam
1359 3032 1383 3089 e
1416 3006 1740 3115 prismatibus&

580 3129 703 3235 lente,
719 3148 767 3213 ut
796 3125 954 3216 dietum
979 3125 1049 3238 est,
1076 3126 1319 3239 fabricatam,
1346 3157 1425 3242 ope
1444 3131 1544 3221 lucis
1567 3158 1740 3245 peream

584 3252 806 3343 tranimiffae
830 3253 976 3344 cuneta
991 3253 1111 3370 possis
1129 3256 1314 3366 experiri,
1330 3285 1418 3369 qua
1442 3257 1634 3350 hadenus
1658 3259 1740 3346 fue·

582 3407 682 3469 runt
699 3386 856 3472 tradita.
909 3390 1005 3467 Hac
1026 3386 1136 3465 enim
1153 3382 1225 3459 lux
1240 3385 1280 3459 X
1299 3382 1479 3483 Yjubari
1496 3412 1520 3467 a
1539 3386 1622 3473 sote
1636 3388 1743 3474 dire.

586 3506 656 3595 &o
672 3509 877 3622 perfimilis
902 3506 971 3610 est,
996 3503 1211 3598 &easdem
1231 3527 1371 3588 omnes
1396 3512 1649 3613 apparentiae
1672 3539 1745 3596 ex·

586 3635 715 3746 hiber,
738 3641 825 3728 acsr
842 3663 865 3721 a
880 3629 1075 3721 foramine
1098 3633 1131 3717 F
1155 3623 1265 3715 recia
1281 3624 1556 3740 promandffet,
1580 3629 1744 3723 nulium‘

588 3764 757 3851 omnino
775 3760 1053 3852 refractionem
1073 3755 1191 3873 paffa,
1234 3755 1413 3869 adeoque
1454 3757 1626 3867 ejusdem
1666 3755 1745 3849 effe

588 3886 1021 3999 compositionis‚facile
1049 3891 1269 3974 credamus.
1323 3889 1378 3972 Et
1402 3906 1551 3995 tamen,
1574 3913 1670 3976 cum
1696 3886 1742 3973 in

587 4016 654 4102 sua
672 4009 864 4127 principia
889 4014 1187 4128 componentia,
1214 4008 1293 4097 hoc
1319 4012 1376 4099 est
1399 4015 1442 4100 in
1460 4013 1592 4100 radios
1609 4013 1741 4099 diver·

544 4176 552 4197 ¹
587 4140 724 4235 sorum
749 4164 957 4255 generum,
983 4141 1090 4253 apud
1111 4140 1261 4233 lentem
1280 4142 1338 4228 M
1351 4142 1398 4235 N
1416 4141 1580 4248 discreta
1605 4137 1744 4351 suffit,

1666 4288 1687 4347 c
1717 4292 1743 4353 e
