4058 5258
322 389 445 496 secr.
483 332 545 483 Il
582 383 864 483 Cotonura
901 380 1293 490 Punuotraurs.
1364 397 1477 528 265

312 609 419 713 '‘d-X,
444 631 533 716 quaa
568 596 829 708 refringentes
855 598 1076 710 superficies
1107 603 1208 688 secet
1236 603 1280 690 in
1307 614 1345 693 K
1363 611 1400 698 8<
1420 619 1470 721 L,

315 762 361 821 ac
386 727 606 817 dividendo
637 724 680 810 in
712 726 765 829 0,
799 745 848 809 ut
874 725 922 812 fit
950 731 1030 814 ΒΚ
1055 732 1106 816 ad
1135 734 1227 816 Lx
1248 753 1294 819 ut
1317 738 1396 821 S'O
1417 745 1468 829 ad
1571 773 1573 776 >

312 860 423 960 ΟΧ,
450 849 895 983 srveutKOadOL

324 1182 329 1197 ,
362 1115 591 1218 Qururno
609 1102 659 1213 jad
680 1103 759 1190 hac
775 1106 1013 1216 experienda
1040 1134 1115 1219 pro
1140 1109 1470 1227 parallelepiptdo

316 1265 387 1323 vas
419 1236 572 1344 optime
604 1227 783 1337 adhiberi
817 1234 960 1341 potest,
987 1239 1098 1345 quod
1126 1236 1170 1321 in
1196 1237 1323 1326 fundo
1345 1239 1469 1327 trans·

315 1365 485 1465 foditur,
500 1365 539 1449 81
554 1355 655 1444 vitri
672 1352 819 1443 laqud
834 1357 1033 1469 perpoliti
1055 1361 1320 1453 &horizonti
1341 1365 1468 1477 paral·

315 1489 393 1574 leld
425 1486 643 1587 resarcitur,
688 1506 736 1566 ut
764 1500 910 1594 aquam
929 1485 1118 1573 cohibere
1146 1492 1307 1599 potest..
1342 1494 1467 1597 Nam,

314 1642 409 1702 curn
422 1638 527 1722 aqua
541 1612 592 1697 ad
606 1607 861 1696 altitudinem
881 1611 994 1723 pedis
1008 1607 1078 1699 aut
1104 1615 1275 1725 amplius
1288 1614 1467 1703 infundi·

312 1766 393 1851 tur,
419 1743 490 1826 lux
512 1766 583 1851 per
600 1738 699 1822 vitri
719 1758 790 1824 aut
810 1766 921 1851 aque
943 1739 1055 1827 illius
1082 1743 1281 1853 parallelas
1305 1743 1467 1855 superfi-

313 1871 393 1956 cies
409 1867 572 1976 oblique
590 1862 754 1970 trajetla
765 1863 921 1952 colores
932 1891 1010 1976 pro
1030 1893 1143 1954 more
1158 1870 1358 1979 explicato
1374 1897 1467 1982 pro·

314 1997 447 2100 ducet,
476 1988 670 2100 polirique
694 1988 903 2078 succeffive
926 1994 1163 2082 collocando
1176 1993 1332 2104 objecta
1354 1997 1406 2082 ad
1424 1995 1466 2080 X

312 2125 351 2209 8t
370 2126 408 2207 O
425 2119 679 2230 phaenomena
695 2113 893 2203 conferre.
949 2121 997 2204 id
1016 2119 1128 2231 quod
1147 2120 1273 2207 etiarn
1290 2120 1377 2207 lieri
1393 2145 1466 2230 po·

313 2245 369 2332 cst
386 2243 662 2354 dispondendo
689 2241 772 2327 duo
795 2243 916 2329 vitria
933 2243 1128 2354 prismata
1143 2245 1400 2356 triangulatio
1418 2265 1467 2330 ut

312 2379 350 2456 Α
367 2376 405 2458 C
424 2377 473 2476 E,
507 2376 547 2455 D
564 2372 597 2450 Β
612 2372 644 2452 F
672 2366 762 2476 (fig.
798 2371 881 2473 52.)
908 2368 959 2447 ad
991 2369 1218 2451 distantiam
1246 2369 1357 2474 pedis
1392 2389 1465 2453 aut

314 2494 485 2601 amplius
514 2491 554 2574 in
570 2517 621 2574 eo
638 2490 726 2598 stru,
744 2510 792 2576 ut
817 2511 960 2573 eorum
979 2486 1101 2572 latera
1119 2486 1466 2597 correspondentia

315 2626 352 2703 Α
373 2621 412 2702 C
426 2616 477 2701 ad
497 2620 538 2697 D
553 2618 588 2700 B
606 2622 646 2701 dt
664 2622 749 2702 CE
765 2614 815 2702 ad
830 2616 863 2696 B
880 2614 912 2697 F
929 2611 1099 2697 evadant
1125 2610 1321 2722 parallelo,
1346 2617 1386 2700 8<
1404 2638 1464 2694 ra·

190 2778 209 2811 ·
313 2743 369 2828 dii
386 2766 454 2851 per
471 2739 678 2826 interiores
692 2737 914 2851 superficies
933 2736 1306 2849 perpendiculariter
1324 2740 1462 2847 proxi·

313 2894 377 2953 rue
396 2866 653 2973 trajiciantur.
707 2868 748 2950 T
751 2893 829 2949 unc
843 2866 953 2951 enim
975 2862 1189 2950 exteriores
1205 2866 1298 2950 AC
1319 2866 1358 2949 dt
1374 2863 1462 2947 BD

313 2991 571 3101 refringentia
624 2988 738 3097 plana
791 2992 1110 3101 parallelepipedi
1164 2984 1349 3075 referent.
1406 2992 1461 3073 Et

306 3138 476 3228 propter
492 3113 587 3198 vitri
606 3114 798 3217 majorem
820 3140 943 3224 quant
960 3141 1071 3226 aquae
1097 3117 1183 3203 viru
1208 3112 1459 3202 refrafilivam

311 3244 467 3332 colores
481 3241 691 3328 eliciantur
712 3238 840 3346 magis
860 3238 1036 3323 illustres.
1490 3230 1495 3241 ’

362 3506 442 3586 Er
461 3499 543 3584 hac
560 3497 611 3580 de
626 3490 810 3580 colorum
826 3522 849 3577 a
869 3490 1060 3601 parallelis
1081 3493 1205 3606 planis
1225 3493 1356 3607 geneli
1372 3524 1459 3581 mo.-

307 3623 431 3709 nuille
457 3619 642 3727 sufficiat,
668 3617 741 3707 nist
763 3617 868 3704 forte
900 3619 1011 3725 juvet
1039 3646 1227 3708 annotare
1256 3621 1458 3706 diverlita·

307 3770 436 3829 tatem
452 3741 760 3852 effectuumfflui
778 3748 828 3832 ab
845 3743 948 3829 hisce
965 3747 1288 3850 producuntur&
1300 3773 1323 3827 a
1336 3747 1457 3829 trian-

308 3867 512 3979 gularibus
529 3869 791 3978 prismatibns.
827 3866 1031 3975 Ejusmodi
1049 3864 1139 3951 sunt
1163 3868 1327 3978 1⁰quod
1340 3869 1455 3954 colo·

307 4020 383 4097 ret,
398 4017 490 4078 cunr
510 3993 552 4076 in
563 4017 759 4103 papyrum
773 3991 1050 4101 projiciuntur,
1070 3990 1350 4101 splendidiores
1363 4017 1454 4073 eva·

296 4120 410 4207 dunt
425 4116 663 4229 potentiam
675 4115 814 4227 papyri
827 4116 1176 4228 longinquitatem,
1191 4110 1455 4225 limodoptis·

806 4244 863 4327 M
883 4270 934 4329 tn
1381 4263 1452 4324 tna
