4078 5250
347 401 534 508 Secti.
624 397 1305 513 LucrsCouonruus.
1406 340 1526 547 157¹

397 773 473 853 Da
510 764 589 848 hoe
621 759 903 872 experimento
941 760 1011 846 sub
1058 760 1180 847 initio
1229 761 1503 876 observabam,

340 892 377 998 ᾧ.
409 919 477 1007 23,
493 892 607 1004 quod
625 891 815 978 omnibus
834 889 1061 977 adversatur
1080 889 1386 999 objestionibus,
1414 918 1506 1005 qua

340 1045 484 1109 contra
509 1018 736 1108 dostrinam
760 1020 811 1104 de
826 1017 1011 1132 inaequali
1035 1019 1365 1132 refrangibiiitate
1379 1023 1500 1108 tradi·

340 1163 426 1236 tant
445 1146 618 1256 proponi
637 1136 825 1254 poffunt3
871 1173 921 1228 ex
947 1173 998 1229 eo
1023 1145 1134 1257 quod
1151 1171 1222 1253 per
1244 1143 1500 1233 transversam

341 1271 621 1359 refraffionem
636 1271 795 1358 secundi
812 1273 1008 1380 prismatis
1027 1273 1181 1362 constat
1208 1274 1419 1384 inequales
1437 1303 1498 1360 re·

342 1399 558 1489 fractiones
573 1429 658 1486 non
674 1394 750 1484 esse
768 1398 954 1488 fortuitai
968 1407 1007 1491 8(
1022 1404 1271 1514 irregulares,
1297 1426 1428 1512 neque
1445 1434 1497 1489 ex

340 1530 440 1615 radii
451 1528 639 1643 cujusque
649 1522 859 1615 diffufione
869 1529 931 1614 vel
943 1531 1176 1618 dilatatione
1195 1552 1303 1618 ortas
1319 1528 1407 1637 effe,
1426 1551 1508 1645 aut⁴

336 1654 414 1741 aiii
439 1658 585 1769 quivis
610 1653 723 1742 causa
750 1677 890 1765 praeter
916 1655 1204 1769 dispostionem
1221 1658 1411 1771 cujusque
1435 1681 1495 1738 ra-

336 1781 395 1867 dii
412 1786 462 1869 ad
492 1781 773 1871 refractionem
801 1785 846 1870 in
873 1787 1001 1895 gradu
1028 1786 1166 1899 aliquo
1198 1807 1312 1874 certo
1334 1789 1373 1873 8(
1392 1810 1491 1869 con·

335 1907 463 1994 stante
478 1911 718 2020 patiendam,
730 1984 732 1987 .
744 1912 1074 2025 quandoquidem
1091 1912 1278 2023 cujusque
1302 1905 1490 1997 refractio

332 2033 375 2120 in
395 2059 570 2154 utroque
597 2037 782 2149 ptisnrate
800 2042 1017 2130 secundum
1042 2043 1151 2131 iliam
1177 2042 1307 2155 legem
1334 2040 1489 2152 peragi·

331 2182 412 2247 tur.
469 2169 592 2255 Addo
619 2169 715 2279 jam,
741 2172 853 2286 quod
869 2169 1012 2259 exhinc
1035 2173 1158 2258 etiam
1176 2170 1345 2278 constat,
1368 2163 1488 2251 re'sra·
1636 2205 1641 2215 ·

330 2285 485 2379 &iones
504 2293 752 2407 fingulorum
767 2299 1196 2385 radiorumsecundum
1214 2298 1367 2382 easdem
1381 2293 1487 2402 leges

327 2420 479 2527 peragi,
502 2418 579 2504 srve
594 2421 924 2519 commisceantur
938 2446 1033 2505 curn
1049 2420 1168 2502 radiis
1179 2418 1351 2503 aliorum
1367 2445 1487 2527 gene·

328 2564 434 2643 rum,
461 2564 507 2624 ut
526 2542 572 2626 sit
588 2544 630 2627 in
649 2540 739 2625 alba
756 2540 858 2644 luce,
878 2539 958 2626 srve
977 2541 1183 2648 separatim
1203 2538 1486 2645 refringantur,

329 2657 419 2744 luce
440 2664 552 2770 prius
582 2664 624 2746 in
653 2661 810 2748 colores
827 2662 1028 2748 converu.
1085 2664 1195 2744 Nam
1228 2659 1401 2769 experiri
1418 2660 1488 2764 est,

326 2786 438 2897 quod
465 2783 606 2871 similes
631 2784 721 2871 sunt
740 2784 996 2873 refractiones
1020 2783 1249 2898 posterioris
1277 2779 1485 2896 prismatis,

325 2940 419 3002 curn
446 2916 630 3027 proxime
644 2913 864 3002 collocatur
894 2912 982 3025 post
1001 2913 1173 3000 alterum
1188 2910 1344 3023 prisma,
1371 2929 1483 2993 ante-

324 3063 450 3149 quam
466 3043 536 3126 lux
555 3068 626 3153 per
652 3041 693 3127 id
720 3038 880 3149 trajecta
905 3039 1156 3151 transmigret
1170 3040 1213 3125 in
1231 3038 1398 3141 colores,
1423 3057 1482 3119 at·

323 3191 405 3278 que
421 3192 515 3252 cum
535 3168 695 3278 longius
710 3166 798 3279 post
809 3166 907 3253 illud
931 3167 1073 3278 prisma
1096 3164 1294 3274 statuitur,
1321 3160 1392 3250 ubi
1411 3160 1481 3247 lux

323 3295 445 3381 evasit
461 3294 653 3381 colorata.
1491 3296 1519 3318 ²

281 3578 285 3585 ’
375 3553 418 3632 Sr
440 3548 506 3632 cui
536 3545 578 3632 in
607 3548 802 3659 potestate
833 3546 888 3632 est
917 3549 1228 3636 instrumentum
1248 3543 1411 3658 aliquod
1427 3547 1478 3633 ad

324 3671 571 3776 quantitates
600 3671 883 3758 refractionum
908 3697 1091 3759 accurate
1114 3670 1394 3756 mensurandae
1410 3697 1477 3778 pa·

324 3813 471 3900 ratum,
497 3798 629 3885 nulius
647 3799 807 3904 dubito,
822 3799 921 3910 quin
942 3799 1053 3884 istius
1071 3799 1192 3879 etiarn
1216 3820 1292 3904 ope
1319 3794 1477 3882 seorsim

323 3914 569 4001 dimetiendo
596 3918 849 4008 refractiores
885 3920 1132 4009 diversorum
1157 3945 1348 4029 generum
1377 3916 1478 4003 radi·

323 4064 458 4146 orum,
485 4041 599 4127 facile
617 4044 842 4132 observabit
857 4074 994 4136 earum
1012 4038 1268 4149 differentias,
1286 4044 1378 4130 licet
1397 4063 1475 4149 ego

321 4164 516 4280 praedictis
531 4189 724 4282 tanquam
747 4170 1065 4263 nannestiffinis
1082 4170 1340 4282 acquiescens,
1367 4165 1476 4249 haud

1348 4317 1473 4402 opera
