4078 5250
356 344 1283 489 sculuuomcotomnus.
1416 386 1514 513 171

354 584 471 699 quod
499 577 615 668 color
646 572 820 687 quilibet
851 571 1082 686 primitivus
1123 607 1193 690 per
1222 586 1519 678 commisturam
1566 584 1575 591 ’

354 713 541 797 colorum
574 702 765 813 utrinque
795 701 1021 790 confinium
1037 705 1215 795 exhrberi
1243 712 1385 823 potest,
1414 720 1518 806 utin

348 838 608 952 sequentibus
624 832 793 944 patebit.
825 831 1042 942 Colonum,
1060 863 1158 922 vero
1176 865 1282 951 quos
1299 842 1377 951 hoe
1397 845 1516 955 pano

352 964 585 1077 primitivos
598 954 673 1046 esse
690 955 885 1066 constitit,
903 962 1050 1068 gradus
1072 956 1147 1048 effe
1166 960 1414 1075 infigniores,
1427 998 1517 1056 coc·

351 1095 492 1179 cineus
524 1088 604 1175 save
643 1084 885 1198 gramineus,
919 1086 1162 1199 thalaffrnus,
1197 1119 1383 1202 cyaneus,
1410 1096 1517 1182 indi·

353 1249 425 1307 cus
442 1224 480 1306 8r
496 1216 667 1327 ejusdem
679 1214 897 1324 violaceus,
923 1219 995 1327 qui
1009 1219 1058 1303 ad
1075 1221 1199 1333 usque
1215 1225 1514 1317 extremitatem

353 1346 541 1457 imaginis
567 1344 873 1450 extendebatur,
926 1346 989 1430 sed
1025 1347 1172 1460 absque
1200 1347 1369 1437 immisti
1402 1352 1516 1437 rutili

352 1474 517 1581 alicujus
536 1469 708 1583 fulgoris
729 1466 903 1555 nurture
924 1474 1121 1583 apparuit,
1150 1471 1325 1564 simodo
1348 1477 1515 1565 cubicu-

352 1602 439 1689 lum
457 1600 608 1709 fabtum
622 1600 744 1688 fuerit
757 1599 874 1687 valde
890 1603 1157 1692 tenebrosum,

406 1861 733 1945 Oasnnvnnnu
772 1876 973 1966 praterea,
1016 1856 1131 1971 quod
1167 1853 1374 1944 coloribus
1409 1856 1513 1945 hisce

352 1988 465 2095 juxta
480 1986 696 2071 terminum
711 2011 737 2065 a
753 1981 1033 2097 beonspicuis,
1058 2010 1144 2070 non
1163 1983 1280 2096 potui
1296 1982 1511 2070 senfibilen

348 2109 489 2223 speciei
514 2111 784 2199 mutationem
807 2109 1114 2199 refradtionibus
1139 2132 1346 2222 utcunque
1365 2110 1512 2221 repeti·

349 2239 402 2322 tis
425 2237 626 2324 inducere.
681 2238 916 2345 Quinetiam
944 2237 1163 2351 tentabam,
1192 2239 1219 2324 sr
1243 2265 1329 2351 quo
1344 2237 1425 2322 alio
1443 2261 1511 2344 pa·

348 2363 418 2448 ἃο
453 2387 610 2446 mutare
642 2358 808 2468 possem,
848 2364 1192 2471 quemadmodum
1210 2359 1452 2446 reflettendo
1485 2388 1510 2443 a

351 2485 590 2591 corporibus
608 2480 874 2566 diversrmode
891 2483 1091 2568 coioratis.
1152 2480 1228 2565 Sed
1245 2481 1353 2565 ineo
1369 2484 1511 2569 frustra

351 2609 438 2711 fui3
466 2634 558 2690 nam
587 2605 805 2712 (superflue
826 2608 915 2691 luce
938 2604 1257 2719 quaquaversum
1271 2607 1428 2710 penitus
1443 2635 1512 2691 ex-

349 2732 477 2837 clusi)
506 2727 827 2816 ficarolisormes
849 2731 950 2815 radii
965 2733 1007 2814 in
1036 2756 1179 2816 aurum
1195 2727 1382 2836 incidere,
1410 2728 1511 2815 illud

346 2887 492 2953 aurum
506 2856 662 2945 cerulei
675 2855 821 2945 coloris
839 2857 987 2945 evasit:
1016 2853 1304 2943 srflaviformes
1320 2854 1362 2941 in
1396 2856 1508 2947 Indi·

349 3020 443 3082 cum
462 2981 653 3092 incidere,
676 2980 1121 3077 flavescebatlndicum.
1174 2976 1231 3067 Et
1257 2978 1308 3066 fic
1326 2982 1368 3067 in
1391 3004 1506 3070 caete·

348 3125 418 3226 ris,
445 3118 626 3228 adeoque
645 3112 748 3197 hanc
776 3113 1093 3227 propositionem
1107 3108 1198 3199 satis
1215 3107 1407 3224 superque
1431 3113 1505 3200 sta·

345 3249 469 3337 bilem
483 3239 558 3330 effe
574 3240 767 3330 censeam.

701 3500 984 3608 PROP.
1057 3500 1141 3603 111.

335 3716 341 3726 ¹
397 3751 556 3834 Colores
571 3747 656 3833 albi
676 3744 720 3838 [b
738 3749 869 3861 nigri,
895 3775 983 3833 cum
999 3745 1169 3829 cinereis
1180 3738 1414 3851 stvefuscis
1432 3735 1497 3818 in·

343 3872 570 3969 termediis,
596 3900 649 3954 ex
685 3874 816 3959 radiis
835 3871 1139 3984 uniuscnjusque
1159 3866 1312 3979 speciei
1340 3860 1496 3970 confiefe

341 3995 465 4110 mistis
473 4011 734 4109 generantur.

868 4252 905 4335 Z
933 4285 954 4341 2
1376 4240 1545 4323 ASSER⁸
