4078 5250
555 342 659 485 184
848 344 941 443 Du
979 340 1347 444 Rnoronuu
1506 356 1597 458 Par,
1644 360 1706 463 Π,

555 573 750 651 Attamen
775 588 859 647 nou
886 588 940 646 eo
962 559 1124 663 inficias,
1153 556 1253 667 quin
1272 554 1373 642 tales
1400 559 1508 650 sorte
1525 571 1708 677 pulveres

551 687 825 795 inveniantur,
853 688 1064 798 praesertim
1083 687 1185 770 inter
1210 681 1425 789 mineram,
1453 692 1525 797 qui
1549 716 1710 788 tantum

555 814 657 901 lucis
677 810 895 918 rellesiant,
922 838 968 899 ut
992 810 1110 895 mixti
1127 806 1338 895 exhibeant
1363 808 1588 901 albedinem
1615 854 1708 931 per.

555 939 778 1044 sefflorem,
820 966 938 1046 quam
968 935 1157 1024 hellenus
1192 934 1275 1020 vidi
1308 962 1359 1019 ex
1395 936 1580 1023 mixturis
1609 943 1704 1030 effe.

557 1067 676 1153 llam.
729 1068 943 1171 Ceterum,
969 1066 1081 1179 quod
1107 1061 1290 1175 pulveres
1321 1063 1523 1149 coloribus
1546 1088 1707 1154 tautum

556 1193 737 1304 quinque
757 1194 960 1302 precipuis
987 1188 1136 1278 tinllos
1157 1188 1381 1293 miscebam,
1406 1217 1489 1274 non
1517 1190 1609 1276 ideo
1636 1223 1707 1281 co·

557 1316 765 1425 giraudum
781 1318 837 1404 est
853 1319 1075 1405 albedinem
1093 1346 1142 1403 err
1155 1316 1334 1429 quinque
1351 1310 1440 1398 solis
1468 1315 1706 1424 productam

556 1437 682 1551 fuisse,
709 1442 773 1529 sed
792 1473 843 1528 ex
870 1446 1104 1558 omnigenis.
1157 1445 1266 1527 Nam
1288 1439 1332 1523 in
1356 1439 1539 1525 omnium
1561 1469 1709 1554 corpo·

557 1594 652 1650 rum
683 1568 885 1657 coloribus
915 1572 983 1657 alii
1022 1572 1146 1655 latent
1178 1563 1459 1678 principalibus
1494 1568 1708 1677 commisti,

556 1689 652 1775 licet
670 1694 803 1779 minus
826 1694 966 1804 fortes,
993 1720 1040 1782 ut
1056 1727 1079 1782 a
1095 1689 1300 1804 principali
1323 1688 1487 1797 separati
1511 1722 1594 1777 non
1620 1720 1706 1776 cer·

439 1862 444 1869 ·
556 1840 726 1929 nantur;
756 1822 806 1909 src
829 1826 872 1909 in
887 1826 1053 1911 caeruleo
1069 1822 1233 1934 pulvere
1260 1817 1384 1903 latent
1406 1847 1577 1933 cyaneus
1596 1820 1709 1908 &in-

555 1938 682 2047 dicus,
708 1946 858 2057 aliique
882 1954 1031 2060 gradus
1059 1956 1196 2034 omnes
1222 1945 1343 2054 usque
1368 1947 1417 2029 ad
1442 1948 1610 2033 viridem
1635 1968 1706 2031 aut

555 2058 706 2149 flavum
725 2066 894 2154 fortaffis
923 2100 974 2155 ex
999 2069 1076 2156 uni
1106 2084 1230 2182 parte,
1257 2076 1294 2155 br
1321 2070 1370 2151 ad
1392 2070 1589 2155 intensum
1608 2097 1705 2177 pur·

554 2212 722 2295 pureum
750 2212 800 2269 ex
825 2189 974 2294 alteri3
1019 2212 1113 2274 utut
1156 2192 1344 2278 ceruleus
1371 2188 1475 2274 solus
1501 2210 1704 2300 appareat,

557 2314 667 2422 quod
682 2308 726 2394 srt
740 2313 889 2398 ceteris
902 2313 1022 2427 louge
1036 2318 1246 2425 copiosior.

613 2569 954 2655 Experiamur
986 2566 1087 2654 hisce
1102 2567 1331 2655 admonitus
1355 2570 1399 2653 in
1420 2589 1597 2653 mentem
1612 2591 1710 2675 prae·

560 2679 669 2778 terea
687 2691 936 2798 revocabam,
967 2694 1078 2802 quod
1092 2695 1337 2803 corpuscula,
1364 2719 1451 2804 quae
1468 2691 1714 2802 conspiciun-

557 2838 629 2900 tur
644 2817 686 2900 in
703 2817 821 2902 radiis
839 2818 1030 2905 solaribus
1053 2818 1131 2905 huc
1146 2824 1185 2907 8<
1200 2823 1292 2906 illuc
1317 2821 1553 2927 volutantia,
1580 2815 1711 2900 varios

557 2938 715 3021 colores
729 2943 935 3049 exhibent,
958 2945 1083 3029 modo
1106 2944 1315 3054 quisquam
1339 2972 1385 3027 ea
1412 2946 1620 3048 diligenter
1638 2940 1710 3022 ob·

558 3057 685 3143 servat
710 3064 751 3145 in
776 3067 964 3153 cubiculo
978 3069 1295 3177 quaquaversum
1315 3068 1394 3151 luci
1417 3067 1586 3174 occluso,
1615 3094 1710 3176 prae·

557 3200 619 3263 ter
641 3183 806 3268 unicum
835 3187 1015 3273 foramen
1040 3215 1109 3297 per
1127 3192 1239 3298 quod
1265 3190 1561 3294 illuminantur3
1587 3195 1626 3275 8r
1650 3215 1709 3272 ta·

554 3332 663 3411 men,
691 3336 783 3391 cum
810 3312 872 3393 isti
887 3314 1096 3414 pulvisculi
1115 3318 1158 3399 in
1185 3342 1369 3413 acervum
1399 3332 1706 3420 congregantur,

554 3433 686 3519 nullus
702 3433 870 3516 omnino
886 3434 998 3516 color
1015 3458 1177 3543 apparet
1191 3459 1451 3543 preterquam
1465 3434 1604 3520 luscus.

609 3684 654 3769 N
658 3714 724 3774 orr
751 3682 883 3769 minus
912 3686 1088 3797 appositu
1111 3689 1167 3778 est
1194 3684 1429 3796 observatio,
1455 3690 1580 3798 quod,
1609 3718 1707 3778 cum

443 3822 445 3827 ’
559 3839 661 3926 aqua
678 3811 823 3924 sapone
839 3812 882 3898 iu
900 3811 944 3899 eal
972 3815 1101 3904 soluto
1134 3817 1341 3930 paululum
1374 3813 1581 3927 inspiffata,
1607 3819 1710 3904 &in

559 3940 737 4051 spumam
760 3942 951 4050 agitando
968 3948 1153 4031 conversa
1178 3944 1314 4050 suerit,
1342 3944 1551 4056 postquam
1572 3944 1710 4054 paulu·

561 4071 648 4155 lum
671 4068 847 4162 constitit
875 4068 1023 4183 spuma,
1050 4072 1093 4161 in
1119 4070 1278 4184 fingulis
1293 4072 1468 4182 bubulis,
1496 4072 1708 4181 exquibus

1614 4222 1708 4278 con·
