4078 5250
585 299 690 419 232
927 268 1030 378 DE
1070 269 1344 437 Vanus
1547 278 1645 381 Par.
1677 280 1735 385 ll.

582 485 907 605 purpuriformes
933 495 967 578 F
987 493 1076 580 P&
1081 490 1122 600 f
1118 510 1156 602 p
1175 490 1301 602 magis
1323 488 1596 604 refringantur
1617 522 1741 609 quam

587 614 949 705 rubriformisFT
976 620 1017 707 δι
1046 616 1118 722 ft,
1155 638 1289 701 tamen
1313 613 1386 701 ista
1412 614 1652 704 reiradlione
1689 618 1742 704 se·

587 745 766 831 cundum
786 742 1002 828 terminum
1018 741 1166 826 umbre
1189 735 1304 846 faut,
1330 743 1389 828 ita
1412 762 1458 826 ut
1476 766 1527 827 ex
1543 741 1665 828 diuis
1682 771 1745 827 ra-

588 871 667 956 diis
697 866 815 957 multi
845 866 972 977 magis
993 862 1208 953 defleblant
1235 862 1368 952 uersus
1402 864 1586 953 umbram
1616 893 1744 978 quam

590 996 751 1102 caeteri3
786 991 917 1105 palam
946 992 1017 1099 est,
1040 991 1154 1104 quod
1174 990 1404 1102 ubicunque
1430 988 1745 1101 purpurisormes

583 1121 786 1232 incidunt,
813 1117 1071 1208 rubriiormes
1088 1119 1210 1204 etiam
1234 1119 1414 1206 incident
1432 1118 1477 1204 in
1493 1119 1665 1204 eundem
1684 1117 1747 1204 lo·

591 1274 699 1353 cum,
726 1253 766 1337 8<
793 1268 989 1335 econtra.
1043 1248 1167 1356 Quod
1191 1247 1298 1333 idem
1330 1246 1381 1330 de
1410 1244 1528 1330 radiis
1555 1247 1745 1330 interme·

593 1376 672 1461 diis
713 1376 956 1487 parimodo
992 1375 1254 1485 concipiatur.
1306 1378 1362 1459 Et
1397 1369 1449 1458 fic
1480 1372 1597 1459 radiis
1618 1374 1747 1457 omni·

447 1588 450 1591 ,
594 1526 666 1583 um
699 1498 916 1611 specierum
955 1502 1107 1611 ubique
1149 1526 1219 1610 per
1260 1496 1558 1585 extremitatem
1599 1496 1748 1584 umbra

595 1625 845 1731 commixtis,
862 1625 1007 1711 umbra
1025 1625 1128 1711 bene
1143 1622 1447 1711 definietursrne
1464 1621 1601 1735 aliquo
1616 1623 1752 1709 colore

596 1745 759 1856 (preter
782 1746 919 1833 album
947 1748 1011 1834 vel
1037 1746 1191 1833 fuscum
1209 1773 1259 1833 ex
1274 1746 1415 1836 luce&
1433 1747 1576 1834 umbri
1595 1746 1754 1851 mixtis)

595 1867 826 1975 conspecto.
884 1873 960 1955 Sed
981 1871 1206 1957 cavendum
1221 1868 1290 1975 est,
1306 1899 1357 1955 ne
1370 1867 1541 1976 colores,
1569 1899 1640 1980 per
1651 1871 1756 1956 limi·

595 2009 655 2068 tes
675 1989 870 2092 prismatis
907 1999 944 2071 A
961 2019 988 2068 a
1017 1994 1084 2072 vel
1114 1996 1153 2074 C
1167 2020 1191 2071 c
1215 1991 1406 2097 generati,
1434 1994 1658 2075 habeantur
1679 2021 1760 2102 pro

594 2109 827 2216 generatisa
854 2108 983 2188 limite
1006 2114 1097 2214 Gg.
1153 2110 1430 2216 Quamobrem
1452 2109 1651 2220 prismata,
1667 2140 1764 2225 quae
1912 2106 1919 2115 ’

597 2261 646 2319 ex
668 2231 775 2317 vitro
790 2229 834 2316 in
849 2249 987 2313 totum
1001 2228 1120 2337 fiunt,
1137 2234 1188 2317 ad
1204 2230 1499 2340 examenhujus
1518 2238 1556 2324 u
1572 2238 1759 2344 proxime

597 2356 856 2473 precedentis
872 2355 1087 2442 commode
1110 2355 1412 2463 instituendum,
1438 2356 1561 2445 nimis
1575 2356 1760 2451 strntexiss

600 2512 702 2598 gua,
721 2501 930 2594 propterea
945 2483 1058 2594 quod
1076 2482 1230 2569 colores
1245 2507 1313 2591 per
1323 2486 1621 2573 extremitatem
1637 2492 1759 2577 verti·
1897 2480 1904 2491 ’

601 2614 660 2702 cis
677 2616 715 2700 u
730 2609 829 2697 bans
845 2604 1034 2718 producti
1043 2605 1297 2718 interjeblum
1313 2606 1481 2719 spatium
1498 2611 1635 2699 album
1652 2615 1758 2700 haud

603 2742 833 2850 relinquent
849 2736 940 2848 satis
966 2736 1161 2846 amplum,
1190 2736 1234 2820 in
1256 2762 1342 2848 quo
1353 2739 1559 2849 generatio
1573 2740 1758 2827 colorum

604 2862 804 2974 predictis
819 2861 951 2949 modis
968 2863 1176 2974 probetur.
1233 2862 1391 2974 Itaque,
1418 2885 1464 2948 ut
1479 2863 1621 2975 prisma
1634 2865 1758 2952 confi-

598 2992 733 3076 ciatur
751 3017 802 3073 ex
818 2987 934 3075 vitris
949 2986 1129 3096 planis&
1152 2984 1253 3073 bene
1278 2982 1430 3098 politis,
1454 2990 1587 3099 qualia
1609 2993 1660 3078 ad
1677 2984 1770 3103 spe·'

604 3116 696 3202 cula
713 3114 987 3226 conspicienda
1000 3115 1254 3223 adhibentur,
1268 3117 1595 3229 moneo;quibus
1611 3123 1655 3207 in
1669 3148 1761 3205 mo·

606 3268 694 3322 rem
722 3241 841 3326 cunei
875 3241 1080 3344 connexis,
1117 3245 1158 3327 bc
1191 3243 1235 3326 in
1263 3241 1464 3327 vasculum
1488 3245 1582 3327 dein
1609 3245 1762 3354 prismi-

607 3356 736 3443 sorme
761 3362 986 3464 completis,
1014 3380 1061 3440 ut
1088 3361 1202 3462 supra
1231 3361 1400 3464 ditium,
1429 3361 1634 3451 vasculum
1656 3370 1765 3457 istud

609 3479 832 3591 impleatur,
858 3480 963 3588 aqui
995 3472 1268 3586 limpidissimi
1303 3481 1609 3592 &occludatur‚
1635 3494 1675 3572 δι
1710 3495 1766 3581 fic

609 3606 794 3726 prismata
808 3606 858 3694 ad
875 3603 1087 3693 arbitrium
1106 3605 1239 3717 ampla
1255 3605 1453 3694 conficias.

664 3873 878 3981 Quum,
904 3884 953 3949 ut
975 3864 1110 3951 omnia
1128 3836 1207 3975 jam
1226 3868 1309 3951 uno
1332 3822 1666 3977 comprehendam
1683 3871 1763 3981 spe·

611 4001 770 4105 cimine,
796 3991 843 4079 stt
862 3995 900 4077 G
906 4017 937 4100 g
964 3989 1053 4103 (ἧς.
1073 3997 1159 4106 33.)
1186 4021 1332 4108 eorpus
1357 4020 1530 4104 opacum
1547 3996 1764 4203 mbiffl
