4028 5252
540 347 609 499 38
831 344 929 451 Du
968 342 1320 451 Mnnrunn
1519 342 1703 448 Porci.⁸

536 555 629 642 srex
646 546 766 638 unici
792 547 1070 636 observatione
1092 545 1396 655 proportionem
1419 539 1577 629 imnum
1592 547 1625 629 P
1638 550 1696 655 G,

537 687 577 768 R
596 685 647 785 E,
675 678 763 763 ΤΒ
785 680 824 767 8ι
855 676 1106 789 reliquorum
1131 672 1183 756 ud
1210 672 1342 759 radios
1363 697 1413 754 ex
1429 669 1571 755 eidem
1594 673 1698 759 inci·

535 808 675 897 deutid
703 805 892 893 reirados
918 801 1206 917 pertinentium
1230 796 1482 912 cognoveris,
1510 799 1693 909 regulam

536 935 680 1022 exinde
698 931 873 1039 habebis,
899 932 1077 1043 quicum
1095 956 1146 1016 ex
1166 925 1250 1013 sinu
1267 923 1507 1013 refradionis
1522 927 1703 1034 cujunis·

537 1064 693 1174 generis
720 1060 924 1147 radiorum
950 1058 1049 1146 &in
1075 1058 1188 1145 istam
1216 1054 1460 1170 superficiem
1484 1074 1704 1171 utcunque·

535 1189 799 1277 incidentium
828 1186 941 1292 dato,
982 1208 1217 1271 ceterorum
1251 1182 1437 1269 omnium
1467 1209 1518 1267 ex
1554 1185 1696 1275 eidem

536 1311 753 1403 incidentid
782 1311 1082 1425 prolabentium
1106 1308 1209 1395 finus
1232 1308 1378 1415 elicias,
1405 1306 1500 1392 licet
1514 1335 1699 1420 quaeuam

539 1443 754 1537 uteorum
785 1436 1002 1526 incidentia
1027 1466 1110 1522 non
1142 1437 1376 1522 innotuerit.
1430 1436 1697 1549 Quinimo,fi

538 1574 728 1657 omniurn
766 1574 804 1657 Α
820 1573 875 1670 D,
913 1565 954 1648 T
965 1568 1012 1670 F,
1047 1570 1087 1649 R
1102 1566 1153 1669 E,
1179 1566 1277 1669 PG,
1308 1558 1385 1649 &n
1413 1567 1699 1674 proportiones

537 1696 645 1778 inter
665 1689 837 1777 sesemel
858 1687 1163 1794 cognoscantur,
1191 1687 1333 1772 habito
1361 1687 1536 1799 respestu
1554 1695 1605 1779 ad
1628 1723 1696 1782 ea-

539 1819 635 1906 dem
653 1818 786 1903 media
809 1814 1088 1924 refringenria,
1113 1813 1293 1923 regulam
1313 1818 1436 1905 habes
1455 1847 1530 1932 pro
1546 1828 1698 1915 ceteris

542 1943 734 2032 omnibus
746 1940 1003 2053 exquirendis
1016 1968 1067 2025 ent
1087 1941 1209 2027 unico
1225 1946 1373 2054 quovis
1389 1975 1569 2060 unquam
1587 1956 1698 2041 dato.

540 2075 699 2180 ltaque,
726 2094 812 2180 qno
839 2065 1015 2152 tationes
1033 2066 1203 2153 istorum
1225 2067 1382 2157 smuunr
1397 2075 1700 2190 investigentur,

541 2196 748 2307 convenit,
774 2198 895 2285 utin
923 2193 1062 2310 aliquo
1089 2197 1297 2286 radiorum
1319 2229 1464 2312 genere
1488 2211 1700 2320 proportio

541 2325 646 2413 smus
679 2325 903 2415 incidentiae
931 2325 983 2411 ad
1014 2321 1143 2413 finum
1168 2323 1419 2417 refrastionis
1436 2335 1609 2443 primum
1630 2366 1700 2424 ex·

539 2457 756 2572 quiratur3
780 2455 938 2562 deinde,
965 2476 1012 2541 ut
1038 2454 1320 2568 proportiones
1351 2459 1506 2551 finuum
1526 2463 1704 2553 reiraiii-

543 2589 635 2675 onis
665 2614 741 2701 pro
776 2589 897 2678 radiis
921 2585 1169 2675 diversorum
1206 2612 1416 2704 generum,
1442 2598 1494 2683 ad
1528 2600 1702 2688 eundem

514 2717 737 2837 ¹ungulum
753 2717 1033 2822 incidentium,
1061 2717 1392 2807 determinentur.
1526 2757 1528 2762 ·

549 3049 760 3155 XXVII.
798 3040 914 3159 vid
939 3040 1081 3187 finus
1108 3041 1359 3156 incidentia
1385 3045 1452 3171 Εἴ
1478 3054 1702 3202 refraizi.

611 3209 708 3318 onis
734 3202 1023 3354 conferendos
1049 3201 1296 3322 adhibetur
1312 3217 1535 3331 mediocre
1548 3264 1698 3378 genus

618 3365 874 3484 radiorum.
954 3502 963 3527 l

603 3632 674 3715 An
696 3624 798 3711 finus
816 3621 1037 3711 incidentiae
1056 3648 1151 3714 cum
1168 3623 1325 3713 smubus
1343 3627 1588 3719 refradiionis
1605 3662 1701 3721 con-

549 3748 743 3858 ferendos,
769 3752 1030 3836 commodum
1047 3753 1139 3859 erit,
1159 3775 1207 3838 ut
1231 3756 1409 3841 medium
1436 3784 1561 3867 genus
1578 3760 1701 3873 eliga-

548 3900 629 3984 tur,
655 3902 752 3987 puta
785 3902 909 3987 genus
945 3876 1041 3964 illud
1069 3882 1287 3986 radiorum,
1328 3886 1400 3993 qui
1440 3885 1702 4002 viriditatem,

549 4004 616 4088 vel
640 4002 776 4115 potius
805 4004 983 4091 colorem
1009 4005 1130 4089 viridi
1150 4010 1190 4092 81
1212 4006 1378 4097 caeruleo
1403 4014 1700 4120 intermedium,

546 4131 769 4219 exhibent·
810 4130 946 4218 Credo
963 4129 1072 4217 enirn
1097 4129 1199 4242 illos,
1226 4134 1299 4246 qui
1322 4133 1576 4228 refradiiones
1591 4165 1703 4225 ante·

1629 4266 1703 4352 hac
