4078 5250
338 342 530 453 secel.
619 338 1300 447 LuorsCotonrnus.
1394 368 1502 483 205

337 564 471 678 primo
499 558 683 647 omnium
711 553 1015 643 reflestuntuo-
1042 563 1318 670 Quamobrem
1347 564 1409 670 (in
1428 570 1497 683 fig.

339 695 426 799 22.)
453 692 538 775 duo
567 682 754 793 prismata
778 682 1001 770 statuantur
1027 715 1110 771 non
1128 688 1309 798 parallelo
1336 689 1406 779 fibi
1436 698 1497 782 in·

335 818 468 905 uicem
492 813 558 902 sed
583 814 625 899 in
654 814 733 898 sttu-
755 811 992 921 transverso,
1029 835 1077 900 ut
1103 819 1373 907 omnicolores
1397 826 1497 911 radii

334 946 446 1060 quafi
461 950 512 1032 ad
530 946 690 1030 eosdem
707 943 875 1050 angulos
892 946 1070 1031 incidant
1091 948 1133 1031 in
1151 948 1349 1060 prefatam
1365 953 1497 1065 super-

319 1073 468 1181 ,ficiem
487 1069 512 1153 b
528 1097 571 1175 c,
588 1098 671 1180 quo
689 1065 817 1178 posrto
836 1069 956 1177 poffis
980 1070 1200 1176 observare,
1221 1080 1496 1166 convertendo
1668 1128 1672 1135 ·

336 1201 479 1310 prisma
493 1202 555 1283 ab
571 1227 593 1282 c
610 1203 714 1286 circa
732 1224 847 1282 axem
867 1204 951 1310 ejus
969 1201 1183 1288 secundum
1203 1205 1386 1293 ordinem
1402 1208 1494 1296 lite·

337 1353 472 1413 rarum
489 1328 624 1436 abca,
652 1327 766 1439 quod
794 1331 892 1415 radii
912 1327 1226 1439 purpuriformes
1253 1335 1386 1441 primo
1405 1360 1493 1449 om·

335 1456 451 1540 nium
462 1454 734 1559 reflediuntur,
762 1456 800 1540 dr
823 1454 968 1541 ultimo
988 1455 1260 1567 rubriformes,
1283 1460 1490 1548 coloribus

335 1585 638 1693 adpcontinuo
652 1577 862 1687 transsatis,
891 1604 1012 1694 prout
1030 1598 1088 1666 at
1114 1585 1347 1698 dispareant.

387 1844 517 1930 Surrr
536 1842 573 1927 a
591 1837 859 1947 alii'praeterea
872 1842 998 1947 modi,
1015 1843 1162 1954 quibus
1172 1840 1342 1952 experiri
1358 1840 1518 1949 liceat,>,

332 1968 444 2075 quod
460 1994 510 2050 ex
529 1963 647 2050 radiis
664 1963 843 2049 srmiliter
861 1966 1127 2054 incidentibus
1142 1969 1322 2081 quedam
1341 1993 1495 2078 genera·

330 2092 491 2201 penitus
520 2087 670 2178 refledii
702 2088 876 2203 poliunt,
904 2094 1000 2178 dum
1021 2092 1094 2176 alia
1122 2096 1268 2203 partim
1287 2094 1516 2195 transmit·¹

328 2239 482 2304 tantur.
539 2222 899 2331 Quemadmodum
940 2219 1123 2305 fiEFG
1163 2218 1261 2331 (fig.
1297 2220 1393 2326 ας.)
1439 2217 1487 2301 fit

330 2345 565 2451 operculum
580 2342 753 2427 fenestre
778 2347 828 2427 ad
846 2350 878 2427 F
898 2347 1157 2444 terebratum,
1183 2350 1222 2423 δι
1241 2343 1346 2427 foras
1364 2344 1487 2428 statu·

329 2489 420 2549 atur
438 2468 581 2576 prisma
600 2474 639 2549 A
655 2470 690 2547 Β
706 2472 757 2570 C,
781 2465 892 2576 quod
917 2465 1046 2546 lucem
1069 2464 1161 2546 solis
1179 2464 1359 2550 foramen
1378 2471 1487 2552 Fin-

331 2586 545 2698 greffuram
564 2588 801 2693 intercipiat,
829 2591 868 2664 δι
896 2584 1085 2692 refringat
1106 2586 1241 2668 versus
1255 2590 1298 2690 f.
1353 2593 1419 2674 Ad
1439 2592 1486 2675 il·

330 2710 450 2820 ludf,
477 2711 644 2821 pedibus
662 2711 712 2795 ab
730 2714 762 2793 F
779 2707 994 2793 duodecim
1012 2730 1081 2792 aut
1096 2710 1279 2818 longius,
1296 2711 1485 2823 postpofi.

330 2860 419 2923 tum
456 2839 652 2924 statuatur
687 2860 860 2947 opacum
885 2859 1030 2944 corpus
1061 2836 1173 2946 efg,
1207 2839 1319 2947 quod
1352 2838 1493 2930 lucem

327 2962 444 3075 instat,
471 2970 639 3075 dempto
675 2989 801 3074 parvo
838 2957 1032 3047 foramine
1063 2961 1098 3064 f
1118 2989 1189 3073 per
1213 2966 1325 3076 quod
1347 2967 1481 3082 aliqua

329 3117 418 3199 pars
441 3091 554 3198 lucis,
580 3118 723 3200 nempe
743 3086 933 3191 violacea,
960 3087 1121 3199 longius
1138 3090 1353 3197 trajiciatur
1372 3098 1421 3179 ad
1432 3125 1494 3205 y,

328 3218 438 3304 Istud
456 3240 591 3304 autem
601 3218 733 3322 fnon
764 3214 810 3298 fit
835 3211 983 3299 semiiie
1008 3216 1128 3327 digiti
1143 3216 1273 3303 latius.
1322 3221 1480 3309 Deinde

324 3369 403 3452 prae
439 3341 622 3426 manibus
667 3340 844 3424 sumatur
877 3338 986 3424 aliud
1017 3341 1161 3450 prisma
1193 3342 1308 3451 ab-c,
1354 3348 1394 3428 &
1426 3349 1490 3437 ad*

323 3470 456 3554 radios
482 3468 695 3553 transverse
712 3467 886 3577 posrtum
911 3464 1117 3577 statuatur,
1153 3471 1478 3585 apostici;parte

323 3595 528 3680 foraminis
535 3594 589 3701 f,
604 3593 789 3704 circaque
806 3620 922 3679 axem
938 3596 1314 3705 eiusconvertatur,
1347 3600 1476 3686 donec

326 3723 459 3803 videas
477 3720 608 3806 lucem
633 3721 867 3827 violaceam,
893 3722 1103 3831 postquam
1129 3722 1180 3804 ab
1202 3724 1286 3826 ejus
1322 3721 1399 3809 bair
1416 3725 1479 3807 be

328 3842 593 3953 obliquiffime
607 3844 772 3935 refracta
786 3847 908 3930 fuerit
926 3849 1056 3930 versus
1068 3858 1102 3948 t,
1129 3865 1259 3929 totam
1274 3874 1298 3930 ι
1311 3864 1337 3928 t.
1350 3847 1476 3957 dispa-

328 3963 445 4051 ruiffe
464 3968 600 4071 modo,
627 3969 732 4051 &ad
748 3986 784 4076 p
821 3969 986 4057 refledii.
1040 3974 1150 4056 Luce
1184 3969 1358 4058 violacei
1391 3993 1476 4057 tarn

329 4091 496 4203 oblique
514 4090 564 4176 ad
585 4085 789 4200 preflexi
807 4115 854 4183 ut
877 4097 969 4184 adt
987 4094 1118 4184 statim
1140 4092 1349 4207 pervasum
1366 4084 1490 4307 effitg.

1343 4239 1385 4300 m
1485 4262 1489 4281 .
