4078 5250
558 399 659 531 156
890 387 987 490 De
1025 388 1401 496 Rnntonum
1513 393 1612 498 Par.
1648 400 1711 502 II.

607 617 659 698 81
687 609 793 695 forte
823 604 1036 695 concursus
1061 606 1283 717 imaginum
1312 606 1568 719 desideretur,
1607 613 1708 700 radii
1785 688 1793 703 .

553 741 643 825 OF
671 734 790 822 asole
804 730 950 818 dire&i
970 761 1021 818 eo
1038 731 1161 842 usque
1181 732 1466 841 producantur,
1494 742 1628 823 donec
1642 769 1710 824 oc·

552 882 715 948 currant
746 885 841 944 curn
874 854 993 964 plano
1027 855 1120 960 HI,
1156 856 1200 942 in
1231 857 1341 969 quod
1370 855 1484 943 dicia
1515 860 1709 968 imagines

552 982 834 1095 projiciuntur,
860 978 1204 1090 quemadmodum
1240 980 1375 1064 videre
1404 981 1460 1069 est
1494 984 1544 1066 ad
1573 987 1638 1089 X,
1665 986 1708 1070 id

554 1109 667 1223 quod
701 1106 771 1193 fiet
795 1101 1011 1191 auferendo
1039 1101 1182 1214 prisma
1198 1110 1238 1189 A
1256 1103 1291 1187 B
1308 1107 1361 1213 C,
1387 1128 1434 1190 ut
1461 1106 1574 1212 jubar
1590 1135 1660 1218 per
1677 1113 1709 1195 F

546 1232 767 1341 trajedium
796 1228 904 1317 reda
930 1232 1068 1316 tendat
1102 1229 1152 1315 ad
1179 1230 1234 1336 X,
1261 1233 1301 1316 8(
1332 1233 1410 1317 etit
1439 1235 1481 1316 X
1505 1232 1631 1342 locus,
1660 1236 1712 1321 ad

555 1386 679 1473 quem
720 1358 914 1471 imagines
954 1355 1039 1440 PT
1079 1359 1118 1442 8(
1150 1369 1224 1464 pt
1264 1378 1547 1468 convergunt..
1586 1360 1711 1457 Nam,

556 1487 899 1601 quemadmodum
930 1480 1028 1567 radii
1063 1481 1237 1566 maxime
1263 1481 1535 1594 refrangibiles
1561 1487 1710 1573 cadunt

557 1611 603 1696 in
620 1615 654 1696 P
671 1639 717 1699 ac
726 1628 775 1721 p,
793 1614 832 1698 8(
847 1607 1012 1695 mininie
1031 1603 1300 1730 refrangibiles
1319 1610 1362 1695 in
1381 1609 1422 1694 T
1440 1614 1480 1697 8(
1496 1625 1530 1718 t,
1547 1608 1711 1698 confici·

557 1759 671 1824 entes
684 1737 876 1848 imagines
894 1732 1088 1841 oblongas
1115 1734 1199 1817 PT
1214 1762 1260 1819 ac
1272 1752 1309 1846 p
1323 1749 1358 1843 t,
1387 1733 1502 1820 fialii
1524 1757 1711 1845 praterea

558 1859 664 1944 radii
687 1862 878 1946 darentur
902 1856 1037 1943 minus
1064 1856 1195 1942 adhuc
1219 1857 1505 1971 refrangibiles,
1532 1859 1590 1946 illi
1611 1860 1712 1946 citra

557 1979 756 2091 pennum
789 1984 832 2068 T
860 2012 906 2069 ac
932 1995 953 2061 t
979 1980 1023 2063 in
1055 2006 1253 2092 papyrum
1281 1985 1361 2068 IH
1392 1982 1592 2089 caderent,
1627 2010 1714 2095 quo

557 2102 673 2218 padio
686 2106 879 2215 imagines
896 2104 973 2188 illae
986 2105 1109 2214 paulo
1124 2104 1326 2214 longiores
1342 2107 1570 2211 evaderent,
1587 2103 1713 2188 audie

557 2231 704 2318 scilicet
720 2228 772 2315 ad
784 2230 1057 2317 extremitates
1076 2231 1117 2316 Τ
1133 2255 1178 2316 ac
1195 2246 1228 2312 t.
1282 2237 1419 2342 Atque
1442 2232 1514 2337 ita,
1538 2229 1567 2314 fi
1584 2227 1713 2338 finge·

561 2385 691 2445 remus
726 2359 857 2443 radios
884 2358 1082 2466 gradatim
1114 2357 1248 2441 minus
1275 2380 1396 2469 atque
1423 2357 1554 2444 adhuc
1581 2355 1715 2442 minus

561 2482 857 2596 refrangibiles·
879 2483 979 2589 dari,
1027 2480 1148 2593 usque
1178 2482 1276 2567 dum
1304 2483 1523 2567 deventum
1550 2477 1643 2571 effet
1665 2483 1718 2566 ad

561 2612 695 2698 radios
721 2610 822 2694 adeo
855 2610 1091 2718 pertinaces,
1118 2630 1166 2692 ut
1192 2636 1277 2693 non
1295 2601 1448 2718 poffent
1464 2611 1633 2694 omnino
1660 2634 1721 2693 re·

562 2734 701 2848 iringi,
727 2733 786 2819 illi
803 2734 901 2823 radii
917 2735 1105 2845 prismata
1126 2730 1206 2818 stne
1230 2728 1362 2845 aliqui
1377 2731 1615 2820 refradiione
1634 2761 1721 2845 pcr-

560 2866 820 2969 transeuntes‚
856 2864 1030 2952 incidere
1062 2862 1254 2949 deberent
1288 2866 1330 2949 in
1361 2858 1591 2972 ipsrffimum
1615 2890 1718 2973 pun·

563 2989 676 3076 ctum
693 2994 749 3100 X,
776 2993 826 3077 ad
849 2993 961 3104 quod
977 2990 1180 3101 posuimus
1199 2991 1330 3077 radios
1345 3018 1368 3073 a
1384 2989 1463 3073 sole
1482 2987 1632 3076 directe
1651 3018 1720 3077 ve·

562 3112 719 3201 nientes
745 3116 921 3201 tendere.
978 3113 1178 3222 Imagines
1213 3113 1349 3225 itaque
1394 3115 1483 3197 PT
1510 3117 1550 3200 8(
1563 3129 1637 3224 pt
1670 3114 1720 3202 stc

563 3239 769 3351 produ&
802 3241 1067 3327 convenirent
1086 3240 1135 3324 ad
1155 3241 1209 3342 X,
1245 3243 1284 3323 8(
1300 3239 1465 3345 proinde
1480 3242 1530 3321 ad
1554 3241 1662 3319 idem
1678 3241 1721 3318 X

565 3380 831 3467 convergunt.
886 3358 1278 3440 Caeterumdubitari
1293 3356 1435 3463 potest,
1461 3385 1510 3438 an
1524 3355 1718 3463 imagines

437 3516 441 3525 ·
566 3484 652 3590 iuae,
688 3478 793 3564 steo
820 3475 944 3587 usque
970 3481 1298 3587 producerentur,
1332 3479 1431 3563 dum
1455 3482 1721 3568 convenirent

567 3611 617 3694 ad
639 3610 695 3715 X,
733 3600 1075 3691 fotent‘accurate
1106 3599 1220 3689 rede
1246 3602 1310 3689 vel
1345 3604 1552 3717 paululum
1586 3607 1722 3694 incur·

569 3754 682 3840 vate,
710 3755 841 3840 neque
860 3728 963 3818 istud
990 3728 1107 3835 (cum
1125 3730 1244 3817 multi
1261 3727 1368 3818 foret
1384 3732 1530 3818 laboris
1548 3736 1588 3819 8(
1606 3734 1722 3845 parvi
1835 3782 1846 3797 ·

571 3855 789 3961 momenti)
823 3856 903 3964 jam
941 3855 1054 3942 lubet
1082 3856 1367 3965 determinare3
1405 3853 1566 3966 sufficit,
1609 3862 1723 3972 quod
1769 3850 1772 3855 ¹

573 4012 623 4071 cx
641 3982 917 4076 observatione
935 4007 1059 4095 quam
1080 3985 1262 4094 proxime
1277 4009 1531 4098 convergunt
1547 3988 1597 4072 ad
1615 3992 1669 4074 X

1647 4223 1726 4310 Du
