4028 5252
295 366 1276 489 'Sen.1.nasnsn01ssmis.
1402 404 1470 509 25

311 621 535 711 nunquam
547 589 766 699 contingit,
792 614 882 701 qua
912 587 1040 703 vulgo
1056 593 1303 703 venduntur,
1331 593 1469 686 licebit

311 727 416 814 istud
433 720 580 832 absque
595 715 678 804 ulla
708 716 817 801 lente
842 715 971 801 solum
990 715 1194 828 adhibere,
1214 722 1253 805 81
1271 721 1355 828 ejus
1372 753 1469 811 con·

308 855 462 940 vexitas
496 849 632 935 radios
666 844 755 931 vice
783 842 903 929 lentis
938 843 989 931 ad
1026 868 1213 955 magnam
1241 845 1469 937 distantiam

311 977 587 1095 congregabit.
643 973 858 1087 Quinimo,
893 972 920 1057 fi
955 999 1048 1058 cum
1072 974 1258 1084 prismate
1282 978 1470 1087 quolibet

204 1184 209 1191 .
307 1110 458 1194 lentem
474 1130 641 1217 parram
655 1101 857 1210 adhibeas,
884 1101 997 1209 cujus
1016 1098 1129 1187 focus
1144 1131 1228 1188 non
1246 1100 1293 1186 fit
1308 1107 1468 1192 duobus

310 1231 487 1319 trrlsulve
514 1229 683 1340 pedibus
701 1226 981 1340 longinquior,
1006 1226 1224 1337 imaginem
1255 1230 1469 1342 conspicies

308 1360 400 1442 satis
425 1358 588 1467 longam
610 1356 792 1466 quidem,
819 1350 884 1436 sed
901 1352 1013 1456 cujus
1036 1349 1211 1437 latitudo
1228 1350 1338 1441 haud
1357 1356 1467 1442 senfi-

310 1481 406 1570 bilis
424 1482 568 1567 existit.
622 1483 670 1564 Id
687 1483 799 1592 quod
824 1474 1031 1588 propofito
1059 1477 1195 1562 nostro
1226 1507 1310 1565 non
1335 1483 1470 1567 minus

307 1605 487 1714 inlervit,
515 1632 637 1721 quam
666 1605 696 1689 sr
715 1601 840 1719 polles
858 1609 911 1692 de
926 1603 1189 1713 proportione
1205 1601 1470 1715 longitudinis

309 1738 360 1824 ad
389 1733 647 1824 latitudinem
679 1737 763 1844 ejus
789 1744 974 1821 accurate
990 1731 1175 1839 judicare.
1230 1731 1279 1815 In
1298 1733 1380 1818 istis
1396 1737 1470 1818 eti·

309 1888 377 1947 am
406 1861 652 1970 expellendis
685 1883 853 1948 notetur
888 1878 1088 1968 praterea,
1126 1856 1238 1966 quod
1273 1858 1357 1943 lens
1385 1890 1469 1946 non

309 1985 430 2075 debet
457 1987 514 2073 ita
539 1986 657 2099 longe
684 1987 773 2100 post
800 1986 945 2100 prilina
981 1983 1120 2089 locari,
1147 1981 1249 2096 quin
1271 1981 1395 2097 pollet
1417 1986 1469 2073 ad

309 2136 447 2201 omnes
466 2113 596 2199 radios
613 2111 728 2200 fimul
746 2109 1273 2224 transmitteudosextendi,
1301 2140 1352 2196 ne
1370 2114 1469 2198 ima-

307 2242 441 2355 ginem
467 2239 677 2328 succeffive
717 2267 791 2350 per
815 2255 948 2350 partes
983 2256 1144 2322 tantum
1188 2232 1392 2359 observare
1421 2238 1468 2326 fis

308 2369 492 2456 coaetus:
520 2373 579 2454 Et
615 2388 782 2454 notetur
811 2365 1007 2475 denique,
1030 2362 1145 2477 quod
1177 2360 1205 2447 n
1230 2363 1410 2454 foramen
1434 2370 1468 2453 F

309 2494 410 2580 citra
436 2494 580 2602 prisma
606 2494 815 2603 locaveris,
840 2495 880 2581 8<
905 2491 1057 2576 lentem
1076 2490 1263 2602 deinceps
1288 2493 1388 2580 citra
1407 2492 1469 2577 lo-

311 2649 467 2711 tamen¹
484 2618 603 2727 istud,
627 2627 678 2709 ad
711 2622 938 2709 distantiam
973 2623 1166 2732 majorem
1196 2624 1247 2707 ab
1270 2651 1321 2710 eo
1344 2649 1468 2733 quam

314 2741 432 2830 focus
448 2744 666 2854 radiorum,
691 2775 715 2830 a
742 2746 934 2833 foramine
949 2750 993 2853 f
1008 2747 1286 2857 longinquiori
1305 2772 1468 2832 manan-

312 2871 432 2982 tium,
485 2869 645 2959 abella
675 2871 796 2985 lente,
836 2873 985 2988 duplex
1020 2874 1099 2960 erit
1136 2871 1258 2985 casus,
1312 2873 1466 2988 inquo

307 3000 444 3114 imago
475 3002 519 3089 in
538 3028 732 3116 papyrum
762 3003 941 3116 projeeta
975 3005 1239 3118 conspicietur
1270 3002 1467 3114 distincta,

309 3152 433 3242 prout
455 3131 555 3218 radii
586 3132 793 3220 venientes
824 3161 848 3216 a
877 3132 1040 3245 singulis
1070 3134 1230 3246 punctis
1260 3132 1467 3222 foraminis

308 3264 356 3370 F,
395 3280 466 3346 aut
493 3288 518 3345 a
548 3261 709 3374 lingulis
737 3259 900 3375 puanlis
933 3261 1183 3379 foraminsf,
1209 3269 1253 3352 in
1292 3266 1464 3351 totidem

306 3385 449 3473 itidem
488 3385 650 3497 pondis
689 3389 831 3501 papyri
877 3390 1136 3505 colliguntur.
1191 3396 1239 3479 In
1267 3420 1352 3477 uno
1375 3388 1465 3476 casu

308 3511 447 3625 imago
463 3515 540 3601 erit
559 3514 703 3605 alba&
723 3515 1039 3629 orbicularis,{ut
1056 3520 1166 3630 prius
1182 3517 1239 3625 (l.
1262 3515 1333 3625 16)
1350 3541 1462 3602 com·

309 3638 467 3749 monui,
488 3641 532 3729 in
550 3643 676 3738 alteri
710 3666 847 3732 autem
876 3646 1053 3760 oblonga
1079 3645 1333 3751 decolorata,
1363 3647 1463 3732 ficut

307 3765 468 3873 presens
481 3770 803 3884 experimentum
817 3773 957 3887 exigit.

872 4212 909 4293 E
1099 4266 1105 4274 -
1235 4206 1330 4291 XX.
1356 4196 1456 4287 Ma·
