4028 5252
516 421 596 508 22
700 392 1096 494 Raororrunr
1132 379 1443 491 Drrnan
1519 387 1616 493 Par.
1652 386 1693 495 ί

514 634 759 704 ceutronum
774 610 832 714 H,
855 605 889 715 I,
917 611 970 718 K,
995 631 1080 693 non
1100 605 1270 691 omnino
1285 602 1457 711 mutata,
1482 630 1532 696 ut
1554 608 1692 701 videre

528 742 585 829 est
616 740 659 825 in
678 738 746 849 fig.
773 738 834 823 8.·
867 743 923 826 Et
956 734 1008 823 stc
1036 733 1211 821 latitudo
1243 732 1429 861 imaginis
1448 736 1500 824 ad
1517 740 1693 848 ejuffieu'r

503 863 829 977 'longitudinem
863 879 1093 972 comparata
1128 858 1262 947 multo
1310 858 1447 947 minor
1487 867 1693 978 evaderet,
1712 957 1729 969 ,,

374 1079 378 1085 ,
519 1018 654 1108 quam
675 1011 807 1099 antea,
835 989 1009 1103 utrique
1031 985 1179 1076 scilicet
1200 1015 1271 1099 por
1294 989 1465 1075 eandem
1487 995 1696 1105 qinntita.

530 1148 617 1212 tem
640 1120 854 1208 diminuti.
910 1123 1005 1208 Hac
1029 1119 1272 1230 probaturus
1291 1110 1417 1228 effeci,
1444 1144 1493 1206 ut
1516 1124 1616 1211 radii
1633 1122 1694 1211 rb-

533 1253 584 1340 lis
602 1279 671 1363 per
691 1251 775 1336 duo
793 1277 916 1362 parva
934 1248 1130 1336 foramina
1150 1247 1392 1336 abinvicem
1411 1249 1533 1363 longe
1548 1253 1695 1339 distan-

533 1381 591 1466 tia
615 1374 839 1482 transrrent,
878 1398 1094 1490 antequam
1129 1374 1352 1462 inciderent
1386 1378 1578 1488 priimati,
1604 1406 1692 1494 quo

533 1504 653 1619 patio
685 1502 786 1592 radii
804 1504 855 1591 ab
876 1504 1066 1625 extremis
1087 1504 1268 1614 partibus
1289 1502 1381 1591 solis
1405 1505 1610 1595 venientes
1625 1536 1695 1595 err·

533 1631 811 1735 eludebantur,
837 1632 952 1717 &res
967 1630 1131 1737 perinde
1157 1624 1350 1738 succellrt,
1372 1633 1483 1742 quasa
1497 1632 1693 1717 diameter

534 1755 625 1844 solis
643 1782 780 1843 revera
799 1751 892 1841 ellet
906 1755 1121 1841 diminuta.
1175 1755 1453 1845 illustrationis
1471 1758 1614 1871 gratid,
1643 1754 1692 1840 srt

455 1922 462 1933 ·
534 1883 577 1970 in
612 1881 680 1997 fig.
708 1912 747 1994 9.
774 1911 797 1965 e
813 1882 897 1995 fg
933 1878 1098 1967 fenestra
1135 1906 1262 1991 parvo
1298 1879 1493 1972 foramine
1519 1887 1561 1993 f
1576 1910 1698 1997 penos

536 2031 656 2119 trata,
684 2036 754 2121 per
769 2012 881 2122 quod
898 2008 998 2093 radii
1026 2004 1170 2093 solares
1191 2004 1423 2094 cubiculum
1442 2009 1538 2096 alias
1555 2009 1696 2099 oblen-

535 2160 671 2222 ratum
703 2138 1007 2249 ingrediantur3
1044 2133 1193 2221 deinde
1221 2130 1268 2218 fit
1297 2138 1332 2219 E
1352 2134 1384 2218 F
1402 2132 1440 2212 G
1459 2161 1606 2243 corpus
1623 2136 1700 2220 ali·

532 2267 647 2378 quod
680 2291 850 2377 opacum
881 2263 1131 2381 perforatum
1158 2261 1208 2347 ad
1232 2265 1279 2371 F,
1306 2263 1345 2349 8r
1368 2260 1411 2344 in
1430 2260 1566 2345 medio
1582 2260 1698 2347 cubi·

536 2392 630 2479 culo
648 2395 705 2481 ita
717 2392 910 2502 locatum,
937 2413 986 2480 ut
1006 2390 1107 2478 radii
1122 2392 1271 2478 iterum
1291 2408 1498 2502 permeent
1515 2385 1698 2475 foramen

537 2519 656 2631 istud,
687 2542 905 2636 antequam
922 2521 1065 2635 prisma
1084 2519 1217 2607 ΑΒΕ
1247 2545 1355 2631 pone
1375 2514 1553 2603 locatum
1577 2513 1702 2602 attin2

536 2674 649 2762 gant.
704 2650 795 2759 Jam
813 2649 1060 2741 foraminum
1088 2648 1258 2735 istorum
1285 2648 1485 2736 diametro
1507 2645 1698 2731 existente

538 2780 559 2864 i
587 2782 720 2896 digiti,
748 2782 1027 2872 &eorumdem
1048 2776 1236 2864 distantii
1245 2780 1287 2878 f
1300 2783 1333 2863 F
1357 2802 1403 2864 12
1427 2774 1594 2881 pedibus
1622 2771 1700 2874 (ita

535 2905 683 2989 scilicet
703 2927 749 2987 ut
768 2909 944 2986 maxima
961 2904 1166 2980 radiorum
1179 2918 1399 3004 utrumque
1413 2894 1595 2977 foramen
1611 2922 1704 3004 per·

538 3029 761 3111 meantium
781 3021 989 3105 inclinatio
1014 3016 1120 3099 foret
1144 3016 1315 3127 angulus
1338 3018 1418 3104 fere
1446 3018 1698 3111 minutorum

539 3163 581 3253 6,
609 3149 687 3234 hoc
704 3142 775 3246 est,
802 3143 913 3250 quasa
930 3140 1072 3254 quinta
1092 3164 1181 3249 pars
1194 3141 1379 3233 diametri
1392 3142 1547 3256 solaris)
1574 3171 1697 3261 atque

540 3271 662 3359 etiam
695 3267 871 3376 imagine
904 3266 994 3353 PT
1027 3261 1205 3377 projecta
1238 3269 1281 3354 in
1314 3297 1524 3383 papyrum,
1559 3277 1696 3362 decem

539 3400 695 3506 pedcsa
714 3389 899 3506 prismate
916 3392 1143 3501 distantem,
1170 3417 1292 3505 prout
1311 3399 1492 3508 angustia
1519 3399 1696 3487 cubiculi

472 3534 477 3543 ‘
539 3521 664 3627 tulit3
689 3519 826 3608 inveni
856 3521 1149 3636 longitudinem
1177 3523 1365 3636 imaginis
1383 3520 1459 3610 effe
1488 3526 1697 3638 plusquam

539 3670 717 3769 quatuor
733 3654 957 3765 digitorum
982 3681 1078 3740 cunr
1102 3650 1262 3763 semille,
1290 3654 1608 3743 &latitudinem
1623 3657 1698 3741 tri·

540 3782 645 3869 entis
670 3781 802 3893 digiti,
835 3781 913 3871 hoc
936 3782 999 3870 'eli
1028 3780 1327 3895 longitudinem
1357 3785 1567 3900 plusquam
1598 3813 1698 3900 qua·

543 3911 768 3997 tuordecim
786 3909 941 3998 vicibus
962 3912 1153 4017 majorem
1172 3912 1397 4021 latitudine,
1426 3917 1523 4003 ficut
1535 3944 1585 4004 etr
1600 3944 1699 4027 pra·

541 4038 659 4127 diuis
697 4058 860 4150 oportet
893 4035 1074 4123 evenisse.
1130 4041 1294 4125 Etenim
1326 4069 1420 4129 curn
1448 4043 1511 4129 ilii
1538 4067 1698 4137 tantum

543 4170 643 4257 radii
689 4172 910 4260 mittuntur
953 4168 1076 4277 intro,
1118 4167 1192 4280 qui
1227 4171 1359 4260 minus
1400 4199 1525 4285 quam
1552 4173 1698 4287 quinta

1588 4321 1700 4411 parre
