<?xml version="1.0" encoding="UTF-8"?>
<!DOCTYPE html PUBLIC "-//W3C//DTD XHTML 1.0 Transitional//EN"
    "http://www.w3.org/TR/xhtml1/DTD/xhtml1-transitional.dtd">
<html xmlns="http://www.w3.org/1999/xhtml" xml:lang="en" lang="en">
 <head>
  <title>
</title>
<meta http-equiv="Content-Type" content="text/html;charset=utf-8" />
  <meta name='ocr-system' content='tesseract 3.04.00' />
  <meta name='ocr-capabilities' content='ocr_page ocr_carea ocr_par ocr_line ocrx_word'/>
</head>
<body>
  <div class='ocr_page' id='page_1' title='image "./isaacinewtonieq01newtgoog_0384.png"; bbox 0 0 4058 5258; ppageno 0'>
   <div class='ocr_carea' id='block_1_1' title="bbox 318 298 1467 419">
    <p class='ocr_par' dir='ltr' id='par_1_1' title="bbox 318 298 1467 419">
     <span class='ocr_line' id='line_1_1' title="bbox 318 298 1467 419; baseline 0.006 -12"><span class='ocrx_word' id='word_1_1' title='bbox 318 310 443 418; x_wconf 70' lang='lat' dir='ltr'>Soet.</span> <span class='ocrx_word' id='word_1_2' title='bbox 474 305 542 409; x_wconf 85' lang='lat'>11.</span> <span class='ocrx_word' id='word_1_3' title='bbox 577 303 858 419; x_wconf 71' lang='lat' dir='ltr'>Coronen</span> <span class='ocrx_word' id='word_1_4' title='bbox 896 298 1289 405; x_wconf 75' lang='lat' dir='ltr'>Pnnreonnnrs.</span> <span class='ocrx_word' id='word_1_5' title='bbox 1366 301 1467 418; x_wconf 86' lang='lat'>281</span> 
     </span>
    </p>
   </div>
   <div class='ocr_carea' id='block_1_2' title="bbox 273 511 1472 1014">
    <p class='ocr_par' dir='ltr' id='par_1_2' title="bbox 273 511 1472 1014">
     <span class='ocr_line' id='line_1_2' title="bbox 315 511 1468 637; baseline -0.023 -20"><span class='ocrx_word' id='word_1_6' title='bbox 315 524 439 618; x_wconf 82' lang='lat' dir='ltr'>effent</span> <span class='ocrx_word' id='word_1_7' title='bbox 455 546 576 634; x_wconf 76' lang='lat' dir='ltr'>ruga,</span> <span class='ocrx_word' id='word_1_8' title='bbox 603 520 736 633; x_wconf 85' lang='lat' dir='ltr'>plures</span> <span class='ocrx_word' id='word_1_9' title='bbox 751 513 886 603; x_wconf 85' lang='lat' dir='ltr'>forent</span> <span class='ocrx_word' id='word_1_10' title='bbox 904 515 1004 603; x_wconf 83' lang='lat' dir='ltr'>lucis</span> <span class='ocrx_word' id='word_1_11' title='bbox 1020 511 1335 637; x_wconf 81' lang='lat' dir='ltr'>terminationes.</span> <span class='ocrx_word' id='word_1_12' title='bbox 1382 526 1468 611; x_wconf 69' lang='lat' dir='ltr'>cae.</span> 
     </span>
     <span class='ocr_line' id='line_1_3' title="bbox 315 640 1471 758; baseline -0.01 -14"><span class='ocrx_word' id='word_1_13' title='bbox 315 681 451 746; x_wconf 88' lang='lat' dir='ltr'>terum</span> <span class='ocrx_word' id='word_1_14' title='bbox 483 651 534 738; x_wconf 89' lang='lat' dir='ltr'>de</span> <span class='ocrx_word' id='word_1_15' title='bbox 566 649 654 734; x_wconf 86' lang='lat' dir='ltr'>luce</span> <span class='ocrx_word' id='word_1_16' title='bbox 685 672 755 757; x_wconf 92' lang='lat' dir='ltr'>per</span> <span class='ocrx_word' id='word_1_17' title='bbox 789 642 958 754; x_wconf 87' lang='lat' dir='ltr'>spatium</span> <span class='ocrx_word' id='word_1_18' title='bbox 980 640 1206 753; x_wconf 76' lang='lat' dir='ltr'>rediffusd,</span> <span class='ocrx_word' id='word_1_19' title='bbox 1233 670 1326 734; x_wconf 86' lang='lat' dir='ltr'>eum</span> <span class='ocrx_word' id='word_1_20' title='bbox 1346 650 1471 758; x_wconf 87' lang='lat' dir='ltr'>causa,</span> 
     </span>
     <span class='ocr_line' id='line_1_4' title="bbox 273 767 1472 897; baseline -0.013 -24"><span class='ocrx_word' id='word_1_21' title='bbox 273 866 277 873; x_wconf 91' lang='lat'>.</span> <span class='ocrx_word' id='word_1_22' title='bbox 299 780 427 897; x_wconf 76' lang='lat' dir='ltr'>&#39;quod</span> <span class='ocrx_word' id='word_1_23' title='bbox 443 793 559 863; x_wconf 75' lang='lat' dir='ltr'>extra</span> <span class='ocrx_word' id='word_1_24' title='bbox 574 792 745 884; x_wconf 85' lang='lat' dir='ltr'>vagatur</span> <span class='ocrx_word' id='word_1_25' title='bbox 768 767 967 880; x_wconf 63' lang='lat' dir='ltr'>punitum</span> <span class='ocrx_word' id='word_1_26' title='bbox 984 769 1143 882; x_wconf 89' lang='lat' dir='ltr'>ousque</span> <span class='ocrx_word' id='word_1_27' title='bbox 1165 772 1215 859; x_wconf 88' lang='lat' dir='ltr'>ad</span> <span class='ocrx_word' id='word_1_28' title='bbox 1235 773 1431 861; x_wconf 89' lang='lat' dir='ltr'>terminos</span> <span class='ocrx_word' id='word_1_29' title='bbox 1445 801 1472 857; x_wconf 82' lang='lat' dir='ltr'>r</span> 
     </span>
     <span class='ocr_line' id='line_1_5' title="bbox 312 892 1472 1014; baseline -0.021 -18"><span class='ocrx_word' id='word_1_30' title='bbox 312 911 353 996; x_wconf 94' lang='grc'>8(</span> <span class='ocrx_word' id='word_1_31' title='bbox 369 942 401 1013; x_wconf 76' lang='grc' dir='ltr'>ρ,</span> <span class='ocrx_word' id='word_1_32' title='bbox 429 901 476 989; x_wconf 87' lang='lat' dir='ltr'>srt</span> <span class='ocrx_word' id='word_1_33' title='bbox 492 904 577 1009; x_wconf 83' lang='lat' dir='ltr'>ejus</span> <span class='ocrx_word' id='word_1_34' title='bbox 599 922 723 1010; x_wconf 87' lang='lat' dir='ltr'>parva</span> <span class='ocrx_word' id='word_1_35' title='bbox 743 892 932 991; x_wconf 76' lang='lat' dir='ltr'>refrafflo</span> <span class='ocrx_word' id='word_1_36' title='bbox 946 922 1070 1009; x_wconf 86' lang='lat' dir='ltr'>prope</span> <span class='ocrx_word' id='word_1_37' title='bbox 1093 923 1133 980; x_wconf 82' lang='lat' dir='ltr'>nt</span> <span class='ocrx_word' id='word_1_38' title='bbox 1150 903 1191 984; x_wconf 85' lang='lat'>&amp;</span> <span class='ocrx_word' id='word_1_39' title='bbox 1210 938 1252 1006; x_wconf 81' lang='grc' dir='ltr'>μ,</span> <span class='ocrx_word' id='word_1_40' title='bbox 1279 899 1472 1014; x_wconf 75' lang='lat' dir='ltr'>sequitur,</span> 
     </span>
    </p>
   </div>
   <div class='ocr_carea' id='block_1_3' title="bbox 302 1017 1470 4050">
    <p class='ocr_par' dir='ltr' id='par_1_3' title="bbox 302 1017 1470 4050">
     <span class='ocr_line' id='line_1_6' title="bbox 314 1017 1470 1146; baseline -0.005 -28"><span class='ocrx_word' id='word_1_41' title='bbox 314 1030 427 1146; x_wconf 90' lang='lat' dir='ltr'>quod</span> <span class='ocrx_word' id='word_1_42' title='bbox 445 1025 547 1112; x_wconf 86' lang='lat' dir='ltr'>radii</span> <span class='ocrx_word' id='word_1_43' title='bbox 563 1023 697 1109; x_wconf 89' lang='lat' dir='ltr'>minus</span> <span class='ocrx_word' id='word_1_44' title='bbox 713 1017 999 1132; x_wconf 81' lang='lat' dir='ltr'>refrangibiles,</span> <span class='ocrx_word' id='word_1_45' title='bbox 1027 1020 1105 1112; x_wconf 90' lang='lat' dir='ltr'>hoc</span> <span class='ocrx_word' id='word_1_46' title='bbox 1122 1024 1179 1112; x_wconf 85' lang='lat' dir='ltr'>est</span> <span class='ocrx_word' id='word_1_47' title='bbox 1196 1024 1470 1132; x_wconf 80' lang='lat' dir='ltr'>rubriformes,</span> 
     </span>
     <span class='ocr_line' id='line_1_7' title="bbox 314 1148 1469 1260; baseline -0.005 -18"><span class='ocrx_word' id='word_1_48' title='bbox 314 1156 464 1242; x_wconf 91' lang='lat' dir='ltr'>debent</span> <span class='ocrx_word' id='word_1_49' title='bbox 480 1149 606 1260; x_wconf 82' lang='lat' dir='ltr'>magis</span> <span class='ocrx_word' id='word_1_50' title='bbox 621 1148 884 1255; x_wconf 84' lang='lat' dir='ltr'>extravagari,</span> <span class='ocrx_word' id='word_1_51' title='bbox 912 1149 951 1233; x_wconf 94' lang='grc'>8(</span> <span class='ocrx_word' id='word_1_52' title='bbox 967 1149 1136 1257; x_wconf 85' lang='lat' dir='ltr'>proinde</span> <span class='ocrx_word' id='word_1_53' title='bbox 1153 1150 1345 1235; x_wconf 88' lang='lat' dir='ltr'>terminus</span> <span class='ocrx_word' id='word_1_54' title='bbox 1369 1148 1469 1238; x_wconf 85' lang='lat' dir='ltr'>lucis</span> 
     </span>
     <span class='ocr_line' id='line_1_8' title="bbox 314 1270 1467 1391; baseline -0.003 -27"><span class='ocrx_word' id='word_1_55' title='bbox 314 1308 341 1364; x_wconf 79' lang='lat' dir='ltr'>r</span> <span class='ocrx_word' id='word_1_56' title='bbox 358 1278 422 1366; x_wconf 86' lang='lat' dir='ltr'>vel</span> <span class='ocrx_word' id='word_1_57' title='bbox 443 1319 463 1391; x_wconf 70' lang='grc' dir='ltr'><em>ς</em></span> <span class='ocrx_word' id='word_1_58' title='bbox 487 1277 607 1365; x_wconf 89' lang='lat' dir='ltr'>debet</span> <span class='ocrx_word' id='word_1_59' title='bbox 634 1270 827 1358; x_wconf 86' lang='lat' dir='ltr'><strong>rubedine</strong></span> <span class='ocrx_word' id='word_1_60' title='bbox 850 1273 968 1385; x_wconf 85' lang='lat' dir='ltr'>tingi,</span> <span class='ocrx_word' id='word_1_61' title='bbox 995 1279 1034 1365; x_wconf 94' lang='grc'>8(</span> <span class='ocrx_word' id='word_1_62' title='bbox 1056 1274 1106 1362; x_wconf 86' lang='lat' dir='ltr'>fic</span> <span class='ocrx_word' id='word_1_63' title='bbox 1125 1276 1173 1361; x_wconf 93' lang='lat' dir='ltr'>de</span> <span class='ocrx_word' id='word_1_64' title='bbox 1194 1276 1283 1363; x_wconf 85' lang='lat' dir='ltr'>luce</span> <span class='ocrx_word' id='word_1_65' title='bbox 1298 1304 1369 1389; x_wconf 89' lang='lat' dir='ltr'>per</span> <span class='ocrx_word' id='word_1_66' title='bbox 1386 1278 1467 1390; x_wconf 91' lang='lat' dir='ltr'>spa·</span> 
     </span>
     <span class='ocr_line' id='line_1_9' title="bbox 314 1393 1468 1515; baseline -0.009 -19"><span class='ocrx_word' id='word_1_67' title='bbox 314 1411 420 1496; x_wconf 90' lang='lat' dir='ltr'>tium</span> <span class='ocrx_word' id='word_1_68' title='bbox 456 1434 490 1479; x_wconf 76' lang='grc' dir='ltr'><em>π</em></span> <span class='ocrx_word' id='word_1_69' title='bbox 498 1420 534 1512; x_wconf 91' lang='lat' dir='ltr'>p</span> <span class='ocrx_word' id='word_1_70' title='bbox 565 1393 718 1507; x_wconf 68' lang='lat' dir='ltr'>diffusi,</span> <span class='ocrx_word' id='word_1_71' title='bbox 754 1426 849 1484; x_wconf 90' lang='lat' dir='ltr'>cum</span> <span class='ocrx_word' id='word_1_72' title='bbox 883 1400 1009 1509; x_wconf 87' lang='lat' dir='ltr'>causa,</span> <span class='ocrx_word' id='word_1_73' title='bbox 1047 1403 1159 1514; x_wconf 89' lang='lat' dir='ltr'>quod</span> <span class='ocrx_word' id='word_1_74' title='bbox 1188 1427 1468 1515; x_wconf 83' lang='lat' dir='ltr'>extravagatur</span> 
     </span>
     <span class='ocr_line' id='line_1_10' title="bbox 312 1525 1468 1647; baseline -0.006 -25"><span class='ocrx_word' id='word_1_75' title='bbox 312 1531 512 1647; x_wconf 63' lang='lat' dir='ltr'>mintium</span> <span class='ocrx_word' id='word_1_76' title='bbox 529 1553 551 1611; x_wconf 91' lang='lat' dir='ltr'>o</span> <span class='ocrx_word' id='word_1_77' title='bbox 569 1526 694 1639; x_wconf 89' lang='lat' dir='ltr'>usque</span> <span class='ocrx_word' id='word_1_78' title='bbox 716 1525 767 1611; x_wconf 88' lang='lat' dir='ltr'>ad</span> <span class='ocrx_word' id='word_1_79' title='bbox 786 1527 981 1614; x_wconf 87' lang='lat' dir='ltr'>terminos</span> <span class='ocrx_word' id='word_1_80' title='bbox 992 1545 1028 1637; x_wconf 90' lang='lat' dir='ltr'><em>p</em></span> <span class='ocrx_word' id='word_1_81' title='bbox 1045 1532 1145 1635; x_wconf 67' lang='lat' dir='ltr'>dtu,</span> <span class='ocrx_word' id='word_1_82' title='bbox 1175 1530 1221 1615; x_wconf 84' lang='lat' dir='ltr'>fit</span> <span class='ocrx_word' id='word_1_83' title='bbox 1240 1532 1324 1640; x_wconf 84' lang='lat' dir='ltr'>ejus</span> <span class='ocrx_word' id='word_1_84' title='bbox 1344 1532 1468 1617; x_wconf 82' lang='lat' dir='ltr'>nimia</span> 
     </span>
     <span class='ocr_line' id='line_1_11' title="bbox 312 1649 1468 1771; baseline -0.002 -29"><span class='ocrx_word' id='word_1_85' title='bbox 312 1654 500 1746; x_wconf 72' lang='lat' dir='ltr'>refratiio</span> <span class='ocrx_word' id='word_1_86' title='bbox 512 1680 638 1766; x_wconf 86' lang='lat' dir='ltr'>prope</span> <span class='ocrx_word' id='word_1_87' title='bbox 656 1650 679 1733; x_wconf 83' lang='lat' dir='ltr'><em>l</em></span> <span class='ocrx_word' id='word_1_88' title='bbox 687 1653 725 1739; x_wconf 97' lang='grc'>8(</span> <span class='ocrx_word' id='word_1_89' title='bbox 742 1669 782 1758; x_wconf 82' lang='grc' dir='ltr'>λ,</span> <span class='ocrx_word' id='word_1_90' title='bbox 809 1649 996 1761; x_wconf 87' lang='lat' dir='ltr'>sequitur,</span> <span class='ocrx_word' id='word_1_91' title='bbox 1023 1654 1136 1771; x_wconf 74' lang='lat' dir='ltr'>qupd</span> <span class='ocrx_word' id='word_1_92' title='bbox 1151 1654 1251 1741; x_wconf 87' lang='lat' dir='ltr'>radii</span> <span class='ocrx_word' id='word_1_93' title='bbox 1270 1655 1396 1767; x_wconf 85' lang='lat' dir='ltr'>magis</span> <span class='ocrx_word' id='word_1_94' title='bbox 1409 1684 1468 1740; x_wconf 91' lang='lat' dir='ltr'>re·</span> 
     </span>
     <span class='ocr_line' id='line_1_12' title="bbox 313 1778 1467 1902; baseline -0.002 -31"><span class='ocrx_word' id='word_1_95' title='bbox 313 1785 558 1902; x_wconf 83' lang='lat' dir='ltr'>frangibiles,</span> <span class='ocrx_word' id='word_1_96' title='bbox 583 1781 662 1868; x_wconf 90' lang='lat' dir='ltr'>hoc</span> <span class='ocrx_word' id='word_1_97' title='bbox 680 1778 736 1867; x_wconf 84' lang='lat' dir='ltr'>est</span> <span class='ocrx_word' id='word_1_98' title='bbox 755 1807 1002 1889; x_wconf 87' lang='lat' dir='ltr'>purpureum</span> <span class='ocrx_word' id='word_1_99' title='bbox 1020 1782 1280 1870; x_wconf 74' lang='lat' dir='ltr'>&amp;ceruleum</span> <span class='ocrx_word' id='word_1_100' title='bbox 1301 1784 1467 1897; x_wconf 85' lang='lat' dir='ltr'>pingen-</span> 
     </span>
     <span class='ocr_line' id='line_1_13' title="bbox 311 1907 1470 2020; baseline -0.004 -21"><span class='ocrx_word' id='word_1_101' title='bbox 311 1937 388 2018; x_wconf 87' lang='lat' dir='ltr'>tes,</span> <span class='ocrx_word' id='word_1_102' title='bbox 414 1915 563 2000; x_wconf 88' lang='lat' dir='ltr'>debent</span> <span class='ocrx_word' id='word_1_103' title='bbox 580 1907 742 2020; x_wconf 85' lang='lat' dir='ltr'>longius</span> <span class='ocrx_word' id='word_1_104' title='bbox 759 1907 934 2014; x_wconf 85' lang='lat' dir='ltr'>deviare,</span> <span class='ocrx_word' id='word_1_105' title='bbox 951 1910 990 1995; x_wconf 87' lang='grc'>8(</span> <span class='ocrx_word' id='word_1_106' title='bbox 1007 1909 1162 1996; x_wconf 85' lang='lat' dir='ltr'>colores</span> <span class='ocrx_word' id='word_1_107' title='bbox 1175 1936 1318 1996; x_wconf 90' lang='lat' dir='ltr'>eorum</span> <span class='ocrx_word' id='word_1_108' title='bbox 1335 1913 1380 1998; x_wconf 91' lang='lat' dir='ltr'>in</span> <span class='ocrx_word' id='word_1_109' title='bbox 1397 1939 1470 1996; x_wconf 80' lang='lat' dir='ltr'>ex-</span> 
     </span>
     <span class='ocr_line' id='line_1_14' title="bbox 310 2032 1467 2152; baseline -0.007 -24"><span class='ocrx_word' id='word_1_110' title='bbox 310 2040 449 2128; x_wconf 82' lang='lat' dir='ltr'>teriori</span> <span class='ocrx_word' id='word_1_111' title='bbox 465 2058 576 2152; x_wconf 88' lang='lat' dir='ltr'>parte</span> <span class='ocrx_word' id='word_1_112' title='bbox 594 2032 755 2125; x_wconf 86' lang='lat' dir='ltr'>termini</span> <span class='ocrx_word' id='word_1_113' title='bbox 762 2038 844 2145; x_wconf 81' lang='lat' dir='ltr'>p&amp;</span> <span class='ocrx_word' id='word_1_114' title='bbox 860 2072 892 2123; x_wconf 76' lang='lat' dir='ltr'>rr</span> <span class='ocrx_word' id='word_1_115' title='bbox 907 2034 1136 2148; x_wconf 84' lang='lat' dir='ltr'>depingere,</span> <span class='ocrx_word' id='word_1_116' title='bbox 1156 2040 1262 2126; x_wconf 90' lang='lat' dir='ltr'>unde</span> <span class='ocrx_word' id='word_1_117' title='bbox 1278 2037 1467 2127; x_wconf 91' lang='lat' dir='ltr'>ininteri·</span> 
     </span>
     <span class='ocr_line' id='line_1_15' title="bbox 310 2163 1467 2280; baseline -0.008 -23"><span class='ocrx_word' id='word_1_118' title='bbox 310 2170 372 2257; x_wconf 87' lang='lat' dir='ltr'>ori</span> <span class='ocrx_word' id='word_1_119' title='bbox 390 2167 559 2280; x_wconf 83' lang='lat' dir='ltr'>ejusdem</span> <span class='ocrx_word' id='word_1_120' title='bbox 578 2163 739 2254; x_wconf 85' lang='lat' dir='ltr'>termini</span> <span class='ocrx_word' id='word_1_121' title='bbox 768 2183 878 2274; x_wconf 88' lang='lat' dir='ltr'>parte</span> <span class='ocrx_word' id='word_1_122' title='bbox 908 2163 1167 2251; x_wconf 83' lang='lat' dir='ltr'>rubriiormes</span> <span class='ocrx_word' id='word_1_123' title='bbox 1193 2168 1294 2253; x_wconf 89' lang='lat' dir='ltr'>radii</span> <span class='ocrx_word' id='word_1_124' title='bbox 1311 2166 1362 2252; x_wconf 87' lang='lat' dir='ltr'>ad</span> <span class='ocrx_word' id='word_1_125' title='bbox 1377 2165 1467 2273; x_wconf 69' lang='lat' dir='ltr'>suos</span> 
     </span>
     <span class='ocr_line' id='line_1_16' title="bbox 307 2292 1466 2405; baseline -0.01 -18"><span class='ocrx_word' id='word_1_126' title='bbox 307 2298 430 2387; x_wconf 81' lang='lat' dir='ltr'>etiam</span> <span class='ocrx_word' id='word_1_127' title='bbox 441 2293 881 2405; x_wconf 81' lang='lat' dir='ltr'>coloresdepingendos</span> <span class='ocrx_word' id='word_1_128' title='bbox 894 2292 1044 2376; x_wconf 90' lang='lat' dir='ltr'>debent</span> <span class='ocrx_word' id='word_1_129' title='bbox 1054 2296 1275 2400; x_wconf 83' lang='lat' dir='ltr'>praevalere.</span> <span class='ocrx_word' id='word_1_130' title='bbox 1284 2301 1338 2378; x_wconf 88' lang='lat' dir='ltr'>Et</span> <span class='ocrx_word' id='word_1_131' title='bbox 1348 2292 1466 2379; x_wconf 79' lang='lat' dir='ltr'>simili</span> 
     </span>
     <span class='ocr_line' id='line_1_17' title="bbox 308 2410 1463 2519; baseline -0.006 -12"><span class='ocrx_word' id='word_1_132' title='bbox 308 2424 464 2507; x_wconf 89' lang='lat' dir='ltr'>ratione</span> <span class='ocrx_word' id='word_1_133' title='bbox 479 2420 580 2505; x_wconf 90' lang='lat' dir='ltr'>radii</span> <span class='ocrx_word' id='word_1_134' title='bbox 596 2419 700 2504; x_wconf 90' lang='lat' dir='ltr'>eirca</span> <span class='ocrx_word' id='word_1_135' title='bbox 714 2415 740 2497; x_wconf 88' lang='lat' dir='ltr'><em>k</em></span> <span class='ocrx_word' id='word_1_136' title='bbox 754 2418 794 2498; x_wconf 89' lang='lat'>&amp;</span> <span class='ocrx_word' id='word_1_137' title='bbox 808 2450 831 2497; x_wconf 77' lang='lat' dir='ltr'>e</span> <span class='ocrx_word' id='word_1_138' title='bbox 850 2410 1022 2519; x_wconf 67' lang='lat' dir='ltr'>refradii,</span> <span class='ocrx_word' id='word_1_139' title='bbox 1050 2410 1076 2494; x_wconf 84' lang='lat' dir='ltr'>st</span> <span class='ocrx_word' id='word_1_140' title='bbox 1094 2412 1169 2499; x_wconf 78' lang='lat' dir='ltr'>sint</span> <span class='ocrx_word' id='word_1_141' title='bbox 1186 2415 1463 2519; x_wconf 83' lang='lat' dir='ltr'>rubriformes,</span> 
     </span>
     <span class='ocr_line' id='line_1_18' title="bbox 310 2541 1463 2650; baseline -0.002 -20"><span class='ocrx_word' id='word_1_142' title='bbox 310 2548 479 2631; x_wconf 90' lang='lat' dir='ltr'>tendent</span> <span class='ocrx_word' id='word_1_143' title='bbox 497 2549 547 2631; x_wconf 86' lang='lat' dir='ltr'>ad</span> <span class='ocrx_word' id='word_1_144' title='bbox 559 2546 799 2631; x_wconf 87' lang='lat' dir='ltr'>exteriorem</span> <span class='ocrx_word' id='word_1_145' title='bbox 816 2561 970 2650; x_wconf 86' lang='lat' dir='ltr'>partem</span> <span class='ocrx_word' id='word_1_146' title='bbox 982 2541 1149 2627; x_wconf 86' lang='lat' dir='ltr'>termini</span> <span class='ocrx_word' id='word_1_147' title='bbox 1166 2545 1205 2625; x_wconf 89' lang='lat' dir='ltr'>R</span> <span class='ocrx_word' id='word_1_148' title='bbox 1226 2546 1263 2630; x_wconf 86' lang='grc'>8(</span> <span class='ocrx_word' id='word_1_149' title='bbox 1282 2543 1328 2645; x_wconf 89' lang='lat' dir='ltr'>P,</span> <span class='ocrx_word' id='word_1_150' title='bbox 1356 2544 1394 2627; x_wconf 94' lang='grc'>8(</span> <span class='ocrx_word' id='word_1_151' title='bbox 1412 2542 1463 2628; x_wconf 85' lang='lat' dir='ltr'>ad</span> 
     </span>
     <span class='ocr_line' id='line_1_19' title="bbox 309 2661 1462 2778; baseline -0.003 -22"><span class='ocrx_word' id='word_1_152' title='bbox 309 2669 558 2778; x_wconf 85' lang='lat' dir='ltr'>interiorem,</span> <span class='ocrx_word' id='word_1_153' title='bbox 586 2667 708 2756; x_wconf 85' lang='lat' dir='ltr'>srsrnt</span> <span class='ocrx_word' id='word_1_154' title='bbox 730 2661 1029 2757; x_wconf 77' lang='lat' dir='ltr'>ceruliformes.</span> <span class='ocrx_word' id='word_1_155' title='bbox 1085 2672 1141 2756; x_wconf 90' lang='lat' dir='ltr'>Et</span> <span class='ocrx_word' id='word_1_156' title='bbox 1167 2663 1215 2753; x_wconf 84' lang='lat' dir='ltr'>fic</span> <span class='ocrx_word' id='word_1_157' title='bbox 1240 2688 1321 2752; x_wconf 83' lang='lat' dir='ltr'>tres</span> <span class='ocrx_word' id='word_1_158' title='bbox 1342 2666 1462 2753; x_wconf 88' lang='lat' dir='ltr'>habe·</span> 
     </span>
     <span class='ocr_line' id='line_1_20' title="bbox 309 2792 1463 2901; baseline -0.006 -16"><span class='ocrx_word' id='word_1_159' title='bbox 309 2796 462 2885; x_wconf 89' lang='lat' dir='ltr'>buntur</span> <span class='ocrx_word' id='word_1_160' title='bbox 491 2795 624 2901; x_wconf 88' lang='lat' dir='ltr'>irides,</span> <span class='ocrx_word' id='word_1_161' title='bbox 658 2799 747 2880; x_wconf 89' lang='lat' dir='ltr'>RP</span> <span class='ocrx_word' id='word_1_162' title='bbox 791 2794 904 2878; x_wconf 75' lang='lat' dir='ltr'>eitra</span> <span class='ocrx_word' id='word_1_163' title='bbox 931 2793 1053 2881; x_wconf 86' lang='lat' dir='ltr'>rubea</span> <span class='ocrx_word' id='word_1_164' title='bbox 1080 2795 1119 2881; x_wconf 93' lang='grc'>8(</span> <span class='ocrx_word' id='word_1_165' title='bbox 1149 2793 1255 2879; x_wconf 89' lang='lat' dir='ltr'>intra</span> <span class='ocrx_word' id='word_1_166' title='bbox 1287 2792 1463 2899; x_wconf 73' lang='lat' dir='ltr'>cerulea,</span> 
     </span>
     <span class='ocr_line' id='line_1_21' title="bbox 302 2919 1462 3034; baseline -0.003 -27"><span class='ocrx_word' id='word_1_167' title='bbox 302 2937 385 3034; x_wconf 71' lang='lat' dir='ltr'>po</span> <span class='ocrx_word' id='word_1_168' title='bbox 401 2941 514 3006; x_wconf 77' lang='lat' dir='ltr'>extra</span> <span class='ocrx_word' id='word_1_169' title='bbox 540 2919 701 3006; x_wconf 77' lang='lat' dir='ltr'>caerulea</span> <span class='ocrx_word' id='word_1_170' title='bbox 729 2925 768 3008; x_wconf 94' lang='grc'>8(</span> <span class='ocrx_word' id='word_1_171' title='bbox 794 2919 899 3002; x_wconf 89' lang='lat' dir='ltr'>intra</span> <span class='ocrx_word' id='word_1_172' title='bbox 933 2921 1070 3026; x_wconf 85' lang='lat' dir='ltr'>rubea,</span> <span class='ocrx_word' id='word_1_173' title='bbox 1115 2946 1174 3032; x_wconf 60' lang='lat' dir='ltr'>re</span> <span class='ocrx_word' id='word_1_174' title='bbox 1196 2941 1310 3005; x_wconf 84' lang='lat' dir='ltr'>extra</span> <span class='ocrx_word' id='word_1_175' title='bbox 1326 2920 1462 3025; x_wconf 90' lang='lat' dir='ltr'>rubea,</span> 
     </span>
     <span class='ocr_line' id='line_1_22' title="bbox 307 3043 1461 3167; baseline -0.003 -30"><span class='ocrx_word' id='word_1_176' title='bbox 307 3079 395 3167; x_wconf 81' lang='lat' dir='ltr'>quae</span> <span class='ocrx_word' id='word_1_177' title='bbox 412 3050 535 3136; x_wconf 87' lang='lat' dir='ltr'>etiam</span> <span class='ocrx_word' id='word_1_178' title='bbox 549 3048 671 3135; x_wconf 91' lang='lat' dir='ltr'>debet</span> <span class='ocrx_word' id='word_1_179' title='bbox 686 3043 759 3131; x_wconf 84' lang='lat' dir='ltr'>ess&#39;e</span> <span class='ocrx_word' id='word_1_180' title='bbox 778 3045 883 3128; x_wconf 86' lang='lat' dir='ltr'>intra</span> <span class='ocrx_word' id='word_1_181' title='bbox 905 3048 1081 3154; x_wconf 80' lang='lat' dir='ltr'>caerulea,</span> <span class='ocrx_word' id='word_1_182' title='bbox 1109 3047 1180 3134; x_wconf 86' lang='lat' dir='ltr'>nifi</span> <span class='ocrx_word' id='word_1_183' title='bbox 1205 3048 1321 3153; x_wconf 89' lang='lat' dir='ltr'>forte,</span> <span class='ocrx_word' id='word_1_184' title='bbox 1347 3050 1461 3160; x_wconf 89' lang='lat' dir='ltr'>quod</span> 
     </span>
     <span class='ocr_line' id='line_1_23' title="bbox 307 3171 1461 3279; baseline -0.004 -15"><span class='ocrx_word' id='word_1_185' title='bbox 307 3174 421 3263; x_wconf 79' lang='lat' dir='ltr'>color</span> <span class='ocrx_word' id='word_1_186' title='bbox 435 3172 503 3261; x_wconf 89' lang='lat' dir='ltr'>ille</span> <span class='ocrx_word' id='word_1_187' title='bbox 525 3202 548 3257; x_wconf 90' lang='lat' dir='ltr'>a</span> <span class='ocrx_word' id='word_1_188' title='bbox 568 3172 694 3258; x_wconf 86' lang='lat' dir='ltr'>rubeo</span> <span class='ocrx_word' id='word_1_189' title='bbox 718 3188 882 3279; x_wconf 90' lang='lat' dir='ltr'>propter</span> <span class='ocrx_word' id='word_1_190' title='bbox 899 3172 1141 3279; x_wconf 85' lang='lat' dir='ltr'>parvitatem</span> <span class='ocrx_word' id='word_1_191' title='bbox 1157 3171 1405 3260; x_wconf 71' lang='lat' dir='ltr'>refradiionis</span> <span class='ocrx_word' id='word_1_192' title='bbox 1419 3176 1461 3260; x_wconf 91' lang='lat' dir='ltr'>in</span> 
     </span>
     <span class='ocr_line' id='line_1_24' title="bbox 307 3292 1461 3415; baseline -0.002 -25"><span class='ocrx_word' id='word_1_193' title='bbox 307 3309 388 3406; x_wconf 76' lang='grc' dir='ltr'>μ8(</span> <span class='ocrx_word' id='word_1_194' title='bbox 405 3329 458 3410; x_wconf 86' lang='lat' dir='ltr'>m,</span> <span class='ocrx_word' id='word_1_195' title='bbox 486 3302 592 3388; x_wconf 90' lang='lat' dir='ltr'>haud</span> <span class='ocrx_word' id='word_1_196' title='bbox 609 3296 697 3386; x_wconf 84' lang='lat' dir='ltr'>satis</span> <span class='ocrx_word' id='word_1_197' title='bbox 710 3292 901 3401; x_wconf 87' lang='lat' dir='ltr'>cernitur,</span> <span class='ocrx_word' id='word_1_198' title='bbox 929 3316 976 3378; x_wconf 89' lang='lat' dir='ltr'>ut</span> <span class='ocrx_word' id='word_1_199' title='bbox 993 3294 1062 3380; x_wconf 87' lang='lat' dir='ltr'>fiat</span> <span class='ocrx_word' id='word_1_200' title='bbox 1075 3295 1328 3406; x_wconf 79' lang='lat' dir='ltr'>sensibilis,8r</span> <span class='ocrx_word' id='word_1_201' title='bbox 1342 3329 1461 3415; x_wconf 90' lang='lat' dir='ltr'>prop·</span> 
     </span>
     <span class='ocr_line' id='line_1_25' title="bbox 307 3416 1461 3543; baseline -0.001 -29"><span class='ocrx_word' id='word_1_202' title='bbox 307 3453 413 3515; x_wconf 85' lang='lat' dir='ltr'>terea</span> <span class='ocrx_word' id='word_1_203' title='bbox 436 3431 550 3542; x_wconf 90' lang='lat' dir='ltr'>quod</span> <span class='ocrx_word' id='word_1_204' title='bbox 565 3425 741 3513; x_wconf 82' lang='lat' dir='ltr'>muitum</span> <span class='ocrx_word' id='word_1_205' title='bbox 758 3416 988 3506; x_wconf 81' lang='lat' dir='ltr'>obscuratur</span> <span class='ocrx_word' id='word_1_206' title='bbox 1002 3422 1151 3534; x_wconf 78' lang='lat' dir='ltr'>acopid</span> <span class='ocrx_word' id='word_1_207' title='bbox 1169 3422 1268 3509; x_wconf 86' lang='lat' dir='ltr'>lucis</span> <span class='ocrx_word' id='word_1_208' title='bbox 1285 3429 1461 3543; x_wconf 90' lang='lat' dir='ltr'>undique</span> 
     </span>
     <span class='ocr_line' id='line_1_26' title="bbox 305 3544 1462 3665; baseline 0.004 -29"><span class='ocrx_word' id='word_1_209' title='bbox 305 3582 375 3665; x_wconf 91' lang='lat' dir='ltr'>per</span> <span class='ocrx_word' id='word_1_210' title='bbox 390 3580 453 3637; x_wconf 83' lang='lat' dir='ltr'>ro</span> <span class='ocrx_word' id='word_1_211' title='bbox 472 3591 488 3659; x_wconf 72' lang='grc' dir='ltr'>ρ</span> <span class='ocrx_word' id='word_1_212' title='bbox 505 3554 639 3642; x_wconf 91' lang='lat' dir='ltr'>locum</span> <span class='ocrx_word' id='word_1_213' title='bbox 657 3544 840 3659; x_wconf 85' lang='lat' dir='ltr'>imaginis</span> <span class='ocrx_word' id='word_1_214' title='bbox 855 3544 1139 3663; x_wconf 80' lang='lat' dir='ltr'>lueidae,quam</span> <span class='ocrx_word' id='word_1_215' title='bbox 1153 3551 1322 3661; x_wconf 82' lang='lat' dir='ltr'>cingunt</span> <span class='ocrx_word' id='word_1_216' title='bbox 1343 3554 1462 3641; x_wconf 83' lang='lat' dir='ltr'>irides</span> 
     </span>
     <span class='ocr_line' id='line_1_27' title="bbox 306 3675 1462 3793; baseline 0.003 -26"><span class='ocrx_word' id='word_1_217' title='bbox 306 3681 413 3793; x_wconf 80' lang='lat' dir='ltr'>spari</span> <span class='ocrx_word' id='word_1_218' title='bbox 440 3740 449 3758; x_wconf 88' lang='lat'><strong>.</strong></span> <span class='ocrx_word' id='word_1_219' title='bbox 507 3685 665 3767; x_wconf 87' lang='lat' dir='ltr'>Harum</span> <span class='ocrx_word' id='word_1_220' title='bbox 708 3702 807 3763; x_wconf 90' lang='lat' dir='ltr'>vero</span> <span class='ocrx_word' id='word_1_221' title='bbox 838 3675 985 3766; x_wconf 87' lang='lat' dir='ltr'>iridum</span> <span class='ocrx_word' id='word_1_222' title='bbox 1021 3678 1157 3764; x_wconf 74' lang='lat' dir='ltr'>forma</span> <span class='ocrx_word' id='word_1_223' title='bbox 1192 3680 1462 3771; x_wconf 80' lang='lat' dir='ltr'>&amp;relationes</span> 
     </span>
     <span class='ocr_line' id='line_1_28' title="bbox 304 3802 1464 3921; baseline 0.002 -26"><span class='ocrx_word' id='word_1_224' title='bbox 304 3810 412 3895; x_wconf 90' lang='lat' dir='ltr'>inter</span> <span class='ocrx_word' id='word_1_225' title='bbox 429 3804 465 3888; x_wconf 92' lang='lat' dir='ltr'>se</span> <span class='ocrx_word' id='word_1_226' title='bbox 481 3802 641 3915; x_wconf 73' lang='lat' dir='ltr'>poliunt</span> <span class='ocrx_word' id='word_1_227' title='bbox 656 3803 775 3889; x_wconf 89' lang='lat' dir='ltr'>variis</span> <span class='ocrx_word' id='word_1_228' title='bbox 792 3803 924 3889; x_wconf 90' lang='lat' dir='ltr'>modis</span> <span class='ocrx_word' id='word_1_229' title='bbox 943 3806 1106 3912; x_wconf 86' lang='lat' dir='ltr'>mutari,</span> <span class='ocrx_word' id='word_1_230' title='bbox 1133 3807 1256 3921; x_wconf 90' lang='lat' dir='ltr'>idque</span> <span class='ocrx_word' id='word_1_231' title='bbox 1277 3837 1360 3896; x_wconf 90' lang='lat' dir='ltr'>non</span> <span class='ocrx_word' id='word_1_232' title='bbox 1377 3835 1464 3897; x_wconf 87' lang='lat' dir='ltr'>tan·</span> 
     </span>
     <span class='ocr_line' id='line_1_29' title="bbox 303 3928 1460 4050; baseline 0 -30"><span class='ocrx_word' id='word_1_233' title='bbox 303 3955 393 4020; x_wconf 90' lang='lat' dir='ltr'>tum</span> <span class='ocrx_word' id='word_1_234' title='bbox 427 3956 450 4013; x_wconf 92' lang='lat' dir='ltr'>e</span> <span class='ocrx_word' id='word_1_235' title='bbox 479 3930 598 4016; x_wconf 80' lang='lat' dir='ltr'>variis</span> <span class='ocrx_word' id='word_1_236' title='bbox 626 3930 780 4032; x_wconf 87' lang='lat' dir='ltr'>formis,</span> <span class='ocrx_word' id='word_1_237' title='bbox 808 3956 908 4040; x_wconf 87' lang='lat' dir='ltr'>quas</span> <span class='ocrx_word' id='word_1_238' title='bbox 932 3928 1153 4045; x_wconf 81' lang='lat' dir='ltr'>superficies</span> <span class='ocrx_word' id='word_1_239' title='bbox 1181 3936 1386 4050; x_wconf 69' lang='lat' dir='ltr'>kapoffrt</span> <span class='ocrx_word' id='word_1_240' title='bbox 1403 3938 1460 4020; x_wconf 93' lang='lat' dir='ltr'>in·</span> 
     </span>
    </p>
   </div>
   <div class='ocr_carea' id='block_1_4' title="bbox 302 4055 1461 4275">
    <p class='ocr_par' dir='ltr' id='par_1_4' title="bbox 302 4055 1461 4275">
     <span class='ocr_line' id='line_1_30' title="bbox 302 4055 1460 4168; baseline -0.001 -20"><span class='ocrx_word' id='word_1_241' title='bbox 302 4062 440 4168; x_wconf 90' lang='lat' dir='ltr'>duere,</span> <span class='ocrx_word' id='word_1_242' title='bbox 468 4055 531 4146; x_wconf 84' lang='lat' dir='ltr'>sed</span> <span class='ocrx_word' id='word_1_243' title='bbox 553 4056 674 4145; x_wconf 90' lang='lat' dir='ltr'>etiam</span> <span class='ocrx_word' id='word_1_244' title='bbox 701 4085 722 4140; x_wconf 91' lang='lat' dir='ltr'>e</span> <span class='ocrx_word' id='word_1_245' title='bbox 754 4057 872 4140; x_wconf 83' lang='lat' dir='ltr'>variis</span> <span class='ocrx_word' id='word_1_246' title='bbox 890 4059 1083 4151; x_wconf 88' lang='lat' dir='ltr'>distantiis</span> <span class='ocrx_word' id='word_1_247' title='bbox 1102 4064 1206 4148; x_wconf 90' lang='lat' dir='ltr'>inter</span> <span class='ocrx_word' id='word_1_248' title='bbox 1225 4065 1323 4149; x_wconf 82' lang='lat' dir='ltr'>hanc</span> <span class='ocrx_word' id='word_1_249' title='bbox 1342 4063 1368 4143; x_wconf 84' lang='lat' dir='ltr'><em>k</em></span> <span class='ocrx_word' id='word_1_250' title='bbox 1387 4068 1460 4147; x_wconf 65' lang='lat' dir='ltr'>a&amp;</span> 
     </span>
     <span class='ocr_line' id='line_1_31' title="bbox 822 4186 1461 4275; baseline 0.011 -8"><span class='ocrx_word' id='word_1_251' title='bbox 822 4186 916 4268; x_wconf 90' lang='lat'>00</span> <span class='ocrx_word' id='word_1_252' title='bbox 1292 4240 1297 4250; x_wconf 82' lang='lat'><strong>·</strong></span> <span class='ocrx_word' id='word_1_253' title='bbox 1333 4187 1461 4275; x_wconf 81' lang='lat' dir='ltr'>obsta·</span> 
     </span>
    </p>
   </div>
   <div class='ocr_carea' id='block_1_5' title="bbox 0 0 2034 5258">
    <p class='ocr_par' dir='ltr' id='par_1_5' title="bbox 0 0 2034 5258">
     <span class='ocr_line' id='line_1_32' title="bbox 0 0 2034 5258; baseline 0 5"><span class='ocrx_word' id='word_1_254' title='bbox 0 0 2034 5258; x_wconf 95' lang='lat' dir='ltr'> </span> 
     </span>
    </p>
   </div>
  </div>
 </body>
</html>
