4058 5258
594 328 703 449 240
962 307 1059 409 De
1100 301 1354 409 Vnnrts
1553 311 1649 412 Par.
1689 314 1747 416 Il.

597 528 679 636 dig.
735 522 824 626 Jam
840 524 890 607 ad
908 520 1010 608 hanc
1027 521 1250 609 distantiam
1276 520 1595 610 uvedistrauam
1618 526 1750 639 longi·

598 650 780 737 tudinem
804 648 990 769 imaginis
1014 672 1168 735 ceteras
1194 650 1278 757 ejus
1310 648 1572 737 dimensiones
1606 652 1750 738 referre

597 781 804 884 convenit,
832 802 1037 889 propterea
1053 779 1166 889 quod
1189 780 1240 863 ad
1267 777 1485 866 absolutam
1509 781 1594 886 ejus
1619 782 1749 891 longi·

601 910 782 996 tudinem
812 911 965 1019 (quaa
1001 902 1279 1025 magnitudine
1310 908 1640 1018 componentium
1672 910 1751 994 cir·

601 1037 786 1122 culorum
808 1032 1025 1143 dependet)
1052 1062 1136 1118 non
1150 1033 1300 1118 habeut
1329 1056 1480 1118 certam
1503 1032 1752 1118 relationem·

600 1165 698 1271 Quo
711 1180 847 1246 autem
862 1159 1123 1248 dimensiones
1146 1162 1231 1265 eius
1255 1158 1397 1267 majori
1422 1151 1572 1259 alterode
1599 1156 1755 1245 investi·

600 1314 751 1403 gatem,
779 1290 868 1376 loca
886 1287 956 1374 ubi
978 1288 1135 1375 colores
1158 1289 1200 1374 in
1217 1287 1288 1372 suo
1312 1311 1457 1400 genere
1473 1283 1753 1393 perfettiffimi,

602 1446 825 1532 eorumque
849 1417 1023 1507 confinia
1038 1417 1082 1503 in
1107 1417 1362 1506 transversam
1384 1440 1580 1525 papyrum
1604 1415 1754 1500 incide·

601 1544 715 1653 bant,
739 1544 891 1632 calamo
905 1544 1116 1656 scriptorio
1131 1545 1335 1650 notabam,
1360 1528 1753 1627 &observationibus

603 1667 828 1775 hujusmodi
861 1670 998 1781 saepius
1030 1671 1211 1782 repetitis
1237 1670 1277 1757 81
1303 1669 1408 1754 inter
1426 1663 1463 1747 se
1490 1665 1658 1773 collatis,
1684 1662 1751 1747 has

603 1800 765 1882 tandem
779 1794 1262 1911 conclufionesfigillatim
1281 1790 1485 1907 perdidici.
1703 1824 1706 1830 ·

659 2068 694 2121 1.
723 2043 974 2125 citantem
999 2046 1038 2124 81
1062 2041 1263 2123 violaceus
1281 2066 1333 2120 ex
1355 2043 1435 2123 und
1450 2062 1575 2144 parte,
1602 2044 1643 2125 ae
1660 2041 1757 2126 viri.

600 2165 660 2248 dis
686 2165 725 2248 dt
748 2158 902 2243 caerulei
927 2158 1154 2242 confinium
1182 2162 1314 2269 (quod
1345 2158 1596 2247 thalaffinum
1618 2167 1759 2275 appel.

599 2289 680 2374 lare
698 2278 862 2400 polfim)
888 2279 1144 2368 meditulium
1160 2285 1242 2393 ejus
1260 2305 1485 2394 occuparet.

657 2575 700 2628 2.
728 2545 889 2631 Locus
908 2535 980 2623 ubi
997 2561 1185 2648 porracea
1203 2531 1281 2621 five
1305 2535 1550 2627 floridilfima
1575 2541 1753 2631 viriditas

602 2670 800 2783 apparuit,
827 2662 960 2754 divifit
992 2662 1179 2779 imaginis
1209 2663 1434 2752 distratum
1462 2665 1754 2777 longitudinem

604 2801 648 2884 in
673 2800 829 2884 ratione
848 2824 870 2906 ς
887 2793 936 2878 ad
954 2819 974 2897 5
994 2826 1006 2899 ;
1033 2814 1178 2902 utpote
1203 2791 1456 2904 longitudine
1482 2792 1549 2878 illd
1570 2795 1612 2879 in
1627 2797 1652 2878 8
1667 2821 1753 2906 par·

605 2945 666 3003 tes
684 2921 823 3025 divisi,
852 2914 1035 3002 viriditas
1054 2918 1119 3000 illa
1138 2918 1267 3005 tribus
1279 2919 1459 3029 partibus
1477 2947 1500 3002 a
1523 2918 1649 3004 rubeo
1676 2942 1753 3004 ter·

602 3042 717 3127 mino
735 3041 917 3146 distabat,
944 3044 1177 3152 &quinque
1190 3042 1369 3152 partibus
1385 3071 1407 3126 a
1426 3068 1641 3152 purpureo.

656 3317 696 3392 3.
725 3299 945 3396 Svnrruu,
978 3319 1049 3399 per
1069 3297 1180 3403 quod
1210 3295 1393 3380 viriditas
1424 3299 1556 3381 omnis
1585 3296 1755 3408 adusque

602 3411 757 3499 caerulei
773 3418 811 3496 8(
831 3414 927 3491 flavi
951 3414 1173 3495 confinium
1201 3416 1510 3523 distendebatur,
1544 3415 1623 3504 fuit
1645 3420 1757 3529 quast

601 3536 706 3621 sexta
724 3559 813 3647 pars
830 3531 957 3616 totius
972 3533 1163 3619 distrauae
1175 3533 1451 3643 longitudinis.

654 3823 694 3902 4.
723 3803 939 3887 Cianum
961 3800 1001 3888 8(
1023 3801 1213 3913 purpurei
1233 3798 1471 3910 confinium,
1498 3800 1577 3889 five
1601 3804 1757 3896 indicus

605 3923 921 4043 perfedliffimus‚
949 3952 973 4013 a
997 3925 1176 4016 confinio
1194 3926 1306 4016 rubei
1323 3924 1511 4044 flavique,
1538 3930 1757 4147 ίὲθνξεῇἳῇζὲ
