4078 5250
590 266 697 395 218
904 275 1000 379 Dr
1039 202 1423 383 antonunr
1563 286 1672 393 Par.
1716 291 1783 396 ll.

584 532 662 609 ,tur
690 491 962 602 &explicatu
993 490 1249 587 difficillima·
1305 502 1362 584 Et
1401 499 1634 613 imprimis,
1679 508 1783 622 quia

593 648 764 741 corpora
791 620 971 707 evadunt
998 623 1172 715 colorata
1200 623 1443 714 refleilendo
1468 631 1670 741 quadarn
1706 660 1784 745 ge·

593 786 691 850 nera
723 744 927 835 radiorum
953 751 993 836 8r
1023 751 1337 842 intromittendo
1358 773 1508 855 catera,
1551 753 1786 869 fialiqua-

595 908 715 973 tenus
745 874 1037 983 transpareant3
1089 878 1412 967 concludendum
1458 875 1535 962 elle
1582 880 1783 989 videtur,

596 1007 710 1121 quod
725 1001 881 1087 colores
897 997 1227 1113 transmittantur,
1259 1006 1330 1115 qui
1348 1002 1515 1089 minime
1542 1003 1784 1091 refieitun·

597 1153 678 1240 tur,
698 1126 845 1215 &inde
863 1122 963 1211 alius
985 1123 1031 1209 stt
1045 1156 1186 1216 eorum
1202 1127 1318 1216 color
1332 1153 1425 1215 cum
1436 1129 1785 1247 transpiciuntur,

595 1280 717 1370 atque
745 1253 847 1340 alius
878 1280 974 1340 eum
1003 1281 1216 1344 cernantur
1250 1258 1341 1345 luce
1377 1253 1539 1343 reflexa
1599 1263 1665 1344 Et
1700 1255 1786 1342 hoc

598 1412 722 1501 quarn
745 1381 847 1468 bene
862 1385 1058 1471 convenit
1075 1413 1170 1472 cum
1203 1381 1448 1497 experienti&
1478 1384 1630 1470 videre
1662 1383 1787 1470 estin

596 1512 705 1601 libro
731 1509 875 1623 Boylei
900 1514 952 1595 de
970 1513 1190 1601 coloribus·
1247 1513 1384 1598 silicet
1409 1508 1558 1597 infufio
1579 1511 1693 1623 ligni
1716 1534 1789 1596 ηε·

597 1637 784 1749 piratici,
799 1638 966 1751 quando
990 1639 1147 1726 diversa
1169 1638 1260 1725 luce
1274 1636 1541 1748 transpicitut,
1560 1637 1695 1721 rubea
1711 1633 1784 1719 vel

598 1759 704 1849 flata
730 1782 931 1873 appareat,
958 1764 999 1849 8<
1036 1765 1199 1857 caerulea
1227 1790 1322 1852 cum
1356 1763 1532 1852 cernitur
1558 1761 1612 1847 ad
1638 1759 1785 1871 plagas

597 1885 699 1968 lucis
732 1887 958 1971 incidentis.
1013 1896 1051 1974 E
1087 1911 1229 1976 contra
1263 1916 1363 1977 vero
1395 1913 1540 1973 aurum
1581 1885 1785 1972 foliatum

596 2022 759 2115 apparet
789 2007 941 2090 flavum
974 2012 1015 2089 it
1043 2016 1260 2114 transparet
1300 2016 1526 2092 caeruleum.
1586 2015 1659 2092 Sic
1679 2010 1786 2094 vitri

594 2129 817 2237 fragmenta
831 2147 902 2230 per
920 2141 1052 2206 totam
1068 2126 1385 2232 profunditatem
1408 2127 1601 2231 colorata,
1632 2130 1782 2239 qualia

598 2254 642 2343 in
659 2247 838 2362 antiquis
859 2244 1107 2357 templorum
1130 2245 1307 2334 fenestris
1329 2251 1602 2363 reperiuntur,
1632 2255 1791 2340 varios

599 2380 840 2494 plerumque
868 2370 1024 2460 colores
1051 2401 1125 2485 pro
1163 2372 1361 2485 posttione
1386 2376 1628 2488 spatiatoris
1662 2377 1787 2465 exhi·

534 2590 538 2597 .
601 2513 715 2598 bent.
768 2510 826 2592 Et
849 2500 1082 2593 craffrorum
1114 2503 1356 2591 laminarum
1383 2509 1481 2593 vitri
1512 2505 1782 2617 pellucidiffi-

603 2644 664 2730 tui
708 2636 866 2749 (qualia
897 2637 948 2722 acl
987 2622 1213 2721 fabricanda
1254 2633 1466 2746 telestopia
1505 2634 1780 2746 adhibentur)

606 2766 893 2858 cumadrersas
911 2792 1000 2851 oras
1010 2765 1154 2874 aspexi,
1172 2765 1385 2850 ceruleum
1400 2765 1486 2849 vidi
1505 2763 1723 2873 reflexum,
1738 2769 1779 2853 δε

608 2893 761 2977 fflvum
777 2886 1042 2976 transmissum
1060 2914 1153 2975 cum
1173 2889 1376 2999 perspexi:
1405 2891 1619 2978 Caeruleus
1637 2912 1775 2979 autem

608 3013 787 3104 maxime
802 3015 1000 3125 apparuit,
1016 3042 1110 3100 cum
1125 3013 1390 3100 illustrabatur
1412 3014 1549 3122 jubare
1564 3016 1611 3102 in
1638 3017 1775 3109 obscu-

608 3163 746 3227 ratum
768 3137 1003 3226 cubiculum
1029 3136 1216 3251 immillo,
1255 3143 1294 3228 8(
1318 3167 1342 3225 a
1366 3139 1482 3231 lente,
1507 3147 1695 3231 concavi
1712 3139 1773 3231 tli-

609 3264 758 3351 stra&0
772 3292 824 3346 ne
840 3265 1078 3353 nimii.luce
1102 3267 1217 3351 color
1242 3263 1576 3374 perfunderetur..
1617 3272 1776 3381 Nequa

444 3374 471 3460 .'
612 3385 717 3472 ullus
741 3380 900 3485 dubito,
914 3384 1013 3487 quin
1031 3383 1203 3493 plurima
1222 3385 1395 3469 existant
1409 3387 1526 3489 hujus
1550 3389 1609 3471 rei
1631 3419 1774 3477 exem·

613 3515 693 3628 pla,
716 3508 758 3631 st.
766 3505 859 3620 quis
873 3532 1004 3616 operat
1018 3509 1193 3623 pretium
1211 3511 1372 3597 duxerit
1393 3512 1437 3598 iu
1462 3515 1582 3598 variis
1596 3515 1774 3622 liquori-

614 3646 704 3752 bus,
720 3626 881 3745 aliisque
896 3636 1133 3751 corporibus
1146 3634 1436 3748 transnatantes
1446 3637 1649 3745 coloratis,
1678 3666 1780 3725 erram

615 3796 710 3863 tutu
736 3762 958 3874 instituere,
986 3766 1136 3856 interea
1162 3763 1353 3878 cavendo,
1366 3794 1428 3869 ,ne
1450 3762 1520 3855 lux
1538 3795 1561 3854 e
1582 3764 1787 3881 pluribus.

617 3895 745 4023 pum
760 3886 1075 4005 murinorum

1026 4090 1034 4127 “
1623 4135 1781 4253 <uon
