4078 5250
379 345 1306 463 SemiLucrsCotontuus.
1442 376 1543 498 159

379 579 492 785 tipps
505 575 546 661 in
562 565 691 677 priori
717 562 931 675 specimine
952 558 1175 671 faiiasunt,
1203 563 1414 655 hicvidms
1433 567 1536 661 faita

380 726 434 787 tra
464 728 524 785 us.

378 1026 382 1033 .
431 954 535 1037 Hrs
565 936 797 1056 imparatis
823 939 863 1022 8(
888 940 1129 1053 constitutis,
1172 942 1327 1029 videbis
1344 946 1535 1059 imagines

371 1097 404 1189 p
421 1095 441 1161 t
456 1083 494 1165 ic
509 1100 548 1157 m
563 1100 590 1155 n
607 1070 847 1157 abinvicem
865 1066 1080 1175 disjuniias
1094 1066 1180 1173 effe,
1200 1098 1287 1184 quae
1301 1076 1410 1183 prius
1426 1079 1533 1185 apud

377 1210 410 1289 P
427 1205 468 1289 T
484 1205 525 1289 8<
547 1202 601 1286 M
614 1202 656 1282 N
691 1192 852 1282 fuerunt
876 1196 1076 1307 contigue
1099 1199 1139 1284 8(
1157 1196 1198 1283 in
1222 1196 1418 1287 disertum
1434 1201 1535 1312 pofi.

379 1352 441 1440 τε,
468 1332 526 1416 ita
548 1329 715 1440 quidem
737 1346 783 1408 ut
803 1348 1034 1433 purpuram
1054 1326 1096 1413 in
1115 1328 1368 1417 extremitate
1393 1329 1533 1438 imagi·

375 1461 438 1543 nis
470 1480 551 1537 mn
570 1452 696 1562 magis
741 1447 858 1534 distet
899 1448 950 1534 ab
989 1450 1230 1561 imaginibus
1268 1451 1410 1562 primis
1439 1457 1531 1538 PT

374 1577 421 1670 8(
433 1581 489 1666 M
502 1581 563 1686 N,
590 1604 714 1692 quam
730 1570 856 1697 rubor
872 1587 893 1654 t
908 1573 949 1657 in
965 1577 1220 1662 extremitate
1237 1580 1426 1689 imaginis
1431 1596 1466 1689 p
1484 1597 1531 1685 t;

372 1708 415 1794 id
429 1707 542 1820 quod
562 1704 676 1791 nulio
699 1701 825 1786 modo
843 1696 1030 1808 potuiffet
1048 1699 1240 1811 audiun,
1266 1702 1341 1789 nifi
1359 1704 1459 1789 radii
1478 1709 1529 1793 aa

372 1857 592 1944 purpuram
616 1823 885 1941 generandam
909 1826 994 1936 apti
1013 1826 1219 1938 aliquanto
1242 1829 1370 1940 magis
1389 1828 1529 1919 refrin-

372 1978 565 2068 gerentur
583 1984 632 2042 ex
655 1952 873 2043 inuidentii
899 1949 1001 2060 pari,
1027 1979 1152 2064 quam
1178 1953 1277 2041 radii
1295 1979 1530 2065 generantes

369 2082 611 2170 turbidinem.
660 2078 839 2185 Etenim,
853 2102 949 2164 cum
966 2079 1066 2167 radii
1079 2079 1228 2168 coloris
1240 2079 1448 2194 utriusque
1462 2109 1531 2193 pa.

301 2300 307 2305 ,
366 2211 468 2295 riter
494 2211 672 2301 incidant
695 2209 739 2293 in
766 2203 913 2316 prisma
936 2206 1131 2315 posterius
1148 2204 1264 2313 abc,
1286 2208 1440 2318 pariter
1455 2207 1529 2292 eti·

364 2366 434 2424 am
459 2359 724 2449 untergerent,
761 2334 1019 2443 iiaequaiiter
1048 2338 1379 2439 refringerentur,
1404 2338 1531 2440 &ert-

366 2464 463 2546 inde
475 2464 741 2570 depingerent
757 2458 951 2561 imagines
964 2472 1002 2560 p
1017 2461 1096 2540 ,tir
1111 2481 1155 2535 u
1170 2480 1197 2533 n
1220 2457 1419 2560 prioribus
1435 2463 1467 2541 P
1485 2459 1529 2543 T

364 2587 408 2668 8(
426 2582 482 2663 Μ
497 2585 541 2665 N
560 2576 760 2685 parallelas
782 2581 821 2659 8<
837 2577 882 2657 iu
896 2575 1093 2659 direst-um
1112 2577 1299 2679 iacentes.
1349 2579 1449 2661 Dixi
1463 2604 1526 2660 ra·

367 2705 457 2792 dios
489 2698 693 2807 utriusque
719 2696 866 2781 coloris
895 2694 1106 2805 (purpurei
1140 2694 1354 2806 rubeique)
1377 2697 1527 2807 pariter

362 2829 542 2932 inuidere
560 2829 604 2913 in
628 2821 772 2936 prisma
797 2819 992 2932 posterius
1014 2850 1042 2905 a
1058 2820 1085 2903 b
1099 2847 1136 2929 c,
1154 2824 1272 2932 quod
1298 2850 1350 2909 ne
1372 2849 1528 2917 moram

359 2955 517 3066 injiciat
553 2952 687 3056 alicui,
729 2947 1036 3062 concipiendum
1071 2948 1143 3056 est,
1178 2949 1289 3059 quud
1319 2948 1417 3035 radii
1432 2950 1527 3043 FT

356 3097 527 3169 'tantum
548 3156 552 3162 .
571 3080 816 3166 inclinantur
862 3074 995 3163 versus
1039 3076 1336 3163 extremitatem
1382 3078 1464 3184 ejus
1487 3104 1524 3184 c,

359 3231 564 3323 quamtum
581 3204 696 3291 aiteri
701 3204 746 3308 f
753 3204 804 3289 M
818 3204 1257 3291 versusextremitatem
1266 3201 1522 3312 aiteraman,

353 3342 401 3427 ἃ
418 3340 467 3425 fic
480 3335 663 3421 incident
682 3329 837 3442 paniter
865 3328 943 3416 saue
962 3333 1012 3419 ad
1034 3331 1193 3417 eosdem
1216 3332 1400 3443 argules,
1423 3331 1522 3421 iicet

362 3475 445 3533 non
458 3443 649 3558 paralleli.
704 3441 744 3525 si
760 3441 852 3551 quis
872 3463 1006 3527 tamen
1031 3441 1128 3529 velit
1152 3435 1322 3547 efficere,
1352 3462 1398 3524 ut
1425 3442 1522 3531 inci·

363 3574 460 3659 dant
476 3577 598 3657 etiam
615 3566 804 3681 paralleli,
830 3565 933 3651 nihil
952 3564 1062 3653 aliud
1083 3568 1280 3679 agendum
1301 3567 1370 3673 est,
1398 3593 1521 3675 quam

364 3720 412 3779 ut
436 3698 605 3781 aiterum
637 3724 659 3778 e
691 3690 947 3802 prismatibus
967 3692 1233 3777 anterioribus
1263 3698 1355 3778 AB
1377 3696 1428 3799 C,
1456 3691 1522 3777 vel

364 3805 407 3884 D
428 3807 462 3885 E
481 3808 523 3885 G
538 3804 644 3887 circa
661 3801 776 3886 suum
793 3827 908 3883 axem
926 3800 1134 3909 paululum
1154 3819 1424 3908 convertatur,
1449 3802 1521 3882 do·

365 3950 439 4011 nec
454 3922 557 4006 inter
573 3926 614 4011 T
632 3929 671 4012 8<
688 3925 751 4007 M
769 3922 981 4009 interiores
999 3923 1223 4032 imaginum
1249 3927 1520 4009 extremitates
1619 4016 1623 4023 ,

364 4070 475 4140 tanta
487 4046 705 4137 intercidat
728 4047 925 4159 distantia,
952 4067 1103 4158 quauta
1126 4045 1306 4141 estinter
1320 4044 1533 4274 'ioraFmgipp
