4058 5258
566 295 672 414 242
950 275 1055 377 Dr
1092 272 1355 381 Vrnrrs
1529 279 1627 383 Par.
1666 282 1737 387 ΙΙ,

566 494 698 580 lucem
719 489 763 575 in
787 486 887 577 bant
911 489 1086 603 figuram
1105 490 1269 602 projeci,
1293 512 1340 576 ut
1354 495 1554 583 constaret
1576 499 1734 604 denuo,

563 648 614 703 an
633 616 747 703 color
761 614 935 726 quilibet
953 617 1058 703 intra
1073 617 1218 701 limites
1243 613 1296 701 src
1313 613 1726 728 affignatonconrine·

563 765 690 850 retur,
717 746 867 830 &eum
882 766 970 829 tota
992 744 1124 852 imago
1143 760 1274 825 totam
1290 744 1511 852 occupabat
1534 745 1731 868 figuram,
1790 778 1793 783 ·

564 867 711 981 finguli
735 870 860 954 etiam
889 869 1043 954 colores
1072 890 1167 955 curn
1203 865 1364 978 sagulis
1396 867 1721 983 purtilrrrsquam

567 998 721 1106 optime
740 995 1050 1085 conveniebant.
1099 1000 1259 1085 Interea
1285 1022 1385 1081 reru
1417 997 1460 1083 in
1487 996 1618 1106 spatiis
1641 998 1729 1087 istis

565 1125 653 1211 loca
670 1119 926 1209 obbrvabam
954 1120 1108 1236 (qualia
1133 1123 1174 1209 in
1200 1123 1279 1211 boc
1307 1122 1505 1211 schemate
1541 1122 1728 1235 punslim

566 1250 782 1351 notantur)
809 1248 880 1334 ubi
900 1246 1043 1360 finguli
1060 1248 1217 1338 colores
1235 1247 1356 1335 saturi
1374 1249 1412 1336 8ι
1429 1246 1473 1335 in
1491 1246 1560 1336 suo
1577 1273 1732 1361 genere

564 1372 1053 1488 illustrissuniapparusre.

619 1629 717 1733 Jau
740 1633 889 1719 hurum
914 1630 1099 1717 locorum
1124 1632 1166 1717 br
1188 1627 1380 1733 limitum,
1407 1626 1565 1715 colores
1587 1628 1725 1716 dister-

566 1756 824 1865 minantium,
847 1756 1055 1845 intervalla
1077 1783 1161 1843 non
1187 1754 1263 1839 alia
1280 1753 1365 1838 sore
1393 1753 1734 1864 manifestumest,

566 1881 720 1964 etiamst
735 1883 906 1970 circulos
922 1910 972 1965 ex
990 1880 1138 1990 quibus
1157 1882 1294 1991 imago
1317 1876 1530 1988 conflatur,
1558 1910 1629 1994 per
1645 1880 1728 1966 ine·

565 2004 712 2090 rhodos
729 2009 867 2115 saepius
886 2008 1106 2109 recensitus,
1134 2010 1283 2091 centris
1296 2034 1379 2091 non
1405 2012 1585 2113 mutatis,
1601 2037 1730 2119 quan·

564 2130 715 2212 numnis
739 2128 950 2209 minueres.
977 2129 1069 2223 ,Es
1093 2127 1239 2209 scilicet
1265 2128 1316 2210 de
1340 2124 1463 2228 cauli,
1498 2150 1545 2210 ut
1564 2131 1726 2213 hetero-

565 2251 681 2365 genei
709 2249 797 2362 plus
819 2250 1118 2363 segregarentur
1144 2252 1183 2338 8(
1207 2247 1376 2337 coloresv
1391 2250 1607 2337 evaderent
1631 2252 1734 2339 srm.

566 2383 766 2498 pliciores.
818 2378 995 2489 Quippe,
1011 2403 1108 2463 cum
1127 2376 1170 2462 in
1187 2372 1385 2488 ipsrffimis
1405 2373 1619 2463 resbilineis
1646 2401 1734 2466 ter·

569 2514 689 2605 minis
709 2512 797 2599 AB
816 2510 910 2595 &C
929 2512 970 2591 D
987 2503 1143 2590 colores
1162 2507 1235 2592 srnt
1252 2503 1438 2591 absolute
1453 2502 1657 2616 fimplmes,
1688 2512 1727 2599 a

571 2644 729 2733 colores
748 2640 791 2725 in
808 2632 936 2726 medii
944 2634 1118 2745 imagine
1138 2659 1262 2745 prope
1279 2632 1425 2721 lineam
1442 2638 1484 2720 X
1495 2637 1631 2721 Ycum
1646 2636 1730 2723 istis

571 2776 718 2893 quibus
746 2768 980 2873 interjacent
1004 2764 1290 2874 marginalibus
1316 2762 1534 2876 congeneri
1566 2789 1726 2875 appare·

572 2923 656 3002 ant,
685 2896 791 2977 ratio
812 2890 932 2972 etiam
949 2889 1098 2995 suadet,
1124 2890 1235 3000 quod
1261 2886 1622 3000 heterogeneorum
1648 2893 1727 2975 rni-

573 3023 677 3107 stura
706 3042 788 3101 non
807 3012 1037 3098 sensibiliter
1057 3035 1188 3098 mutet
1212 3011 1351 3097 locum
1370 3014 1534 3119 alicujus
1554 3014 1737 3124 coloris,

573 3143 768 3258 liquidem
787 3138 928 3227 hinc&
947 3139 1040 3223 inde
1057 3137 1264 3223 venientes
1284 3137 1326 3221 se
1340 3159 1484 3225 mutuo
1499 3163 1728 3249 contempe-

574 3292 672 3355 rant.
731 3268 796 3353 sic
830 3262 928 3348 radii
956 3263 1227 3348 viridifnrmes
1248 3264 1287 3347 8(
1311 3259 1628 3372 purpurifornres
1660 3291 1728 3373 per

575 3393 785 3484 ceruleum
804 3388 916 3498 sparsi
943 3388 1214 3495 aequipollent,
1237 3389 1278 3469 &
1297 3387 1390 3466 ideo
1409 3411 1492 3466 non
1517 3385 1732 3473 dirnovent

576 3550 646 3612 aut
681 3514 925 3607 conturbant
952 3511 1132 3594 colorem
1168 3508 1296 3609 illum,
1338 3527 1384 3588 ut
1415 3503 1487 3586 soli
1524 3504 1746 3616 (quamvis

578 3649 677 3738 nulli
703 3635 1018 3758 purpurisormes
1039 3627 1419 3735 intermiscerentur)
1447 3627 1595 3713 ibidem
1619 3657 1738 3717 com·

579 3792 775 3887 ponerent
810 3761 1116 3857 &exhiberent
1171 3753 1247 3841 Sed
1272 3753 1338 3839 hic
1371 3753 1604 3862 excipienda
1638 3751 1737 3843 sunt.

579 3894 701 4011 spatia
730 3891 890 3977 circulis
922 3884 1197 3979 terminalibus
1228 3883 1326 3967 AC
1360 3882 1398 3968 8(
1430 3881 1523 3964 BD
1551 3908 1741 3994 compre·-

581 4021 719 4131 hensa,‚
733 4014 807 4103 ubi
832 4028 1275 4129 contemperamenturn
1300 4004 1399 4094 illud
1419 4033 1468 4099 ex
1486 4030 1600 4118 parte
1624 4030 1736 4149 erte:

1633 4158 1742 4216 nort
