4128 5240
537 407 601 510 92
819 379 915 483 Da
952 387 1352 490 Parnonnn
1522 391 1689 495 Pani.

587 712 641 798 Iu
673 709 740 822 lig.
762 736 828 820 37.
847 710 893 796 fit
913 713 979 795 Fr
995 709 1129 796 radius
1144 741 1167 797 e
1185 717 1351 804 minime
1369 713 1691 830 refrangibilibus

531 863 738 952 utcunque
756 840 800 926 in
818 837 1063 949 superficiem
1079 848 1115 957 A
1133 868 1156 923 c
1173 842 1453 961 incidentibus,
1480 847 1606 959 litque
1625 862 1688 935 're-

530 966 677 1055 fradlus
706 968 788 1068 ejus
805 966 873 1071 cl‚'
898 965 970 1076 qui
990 967 1214 1056 retroactus
1237 971 1339 1059 secet
1357 975 1688 1081 perpendiculum

530 1094 677 1178 FAin
692 1093 728 1199 f.
782 1084 889 1178 Dein
915 1088 1095 1200 capiatur
1119 1101 1206 1203 Ae3
1236 1118 1280 1183 ut
1313 1097 1359 1181 fit
1386 1098 1418 1180 F
1436 1120 1458 1175 e
1485 1099 1533 1181 ad
1554 1102 1620 1184 Fe
1646 1101 1690 1182 in
1761 1172 1764 1177 .

530 1222 624 1306 dati
658 1223 832 1331 quidam
862 1217 1029 1326 ratione,
1069 1221 1232 1329 qualem
1256 1248 1373 1311 antea
1401 1222 1688 1334 descripsimus,

530 1346 586 1451 (l.
606 1377 675 1457 44,
701 1354 752 1459 45
774 1350 923 1455 8τ49.)
952 1338 1028 1467 hic
1040 1345 1188 1434 scilicet
1206 1352 1455 1455 conditione,
1483 1373 1531 1436 ut
1548 1350 1698 1459 habito,

528 1479 561 1561 F
580 1504 692 1589 epto
712 1477 822 1561 radio
842 1476 1015 1595 maxime
1034 1472 1293 1595 refrangibili‚
1322 1477 1514 1567 refractus
1534 1482 1617 1589 ejus
1636 1480 1688 1569 ab

530 1609 675 1690 eodem
695 1596 1095 1716 punilo'fdivergat.
1123 1588 1275 1691 ‘Fauo
1295 1607 1389 1716 hoc,
1417 1607 1444 1691 sr
1464 1635 1539 1717 pro
1558 1609 1687 1717 poste·
1790 1648 1794 1653 ”

529 1723 629 1815 riori
650 1730 784 1815 medio
809 1728 917 1813 aliud
937 1724 1139 1838 utcunque
1157 1732 1325 1818 densum
1347 1758 1536 1816 rarumve
1552 1730 1688 1816 substi-

528 1876 682 1958 tuatur,
709 1858 900 1963 ejusmodi
925 1859 1006 1945 duo
1025 1859 1125 1944 radii
1150 1858 1367 1979 secundum
1387 1861 1539 1977 easdem
1563 1858 1689 1969 nelias
1820 1955 1822 1960 .

530 1982 616 2089 Fe,
643 1985 712 2067 Fc
740 1984 973 2090 incidentes,
999 1982 1151 2093 semper
1170 1970 1323 2072 debent
1353 1990 1408 2072 ita
1435 1984 1614 2096 refringi,
1641 2008 1691 2072 ut

529 2110 580 2194 ab
602 2112 745 2207 eodem
772 2104 912 2223 aliquo
947 2113 1220 2255 perpendiculi
1247 2115 1359 2235 istius
1377 2116 1531 2226 pundo
1554 2114 1692 2199 famili.

528 2259 591 2319 ser
605 2233 830 2357 diuergan't²
849 2238 913 2357 (ὑῒ
926 2248 979 2352 4‘5
995 2243 1132 2351 8146.)
1159 2242 1505 2359 quemadmodum
1520 2268 1545 2323 a
1553 2268 1585 2352 g
1600 2266 1689 2350 uer·

528 2358 592 2459 sus
615 2362 751 2471 l'&n;
788 2367 919 2476 posito
951 2370 1063 2481 quod
1094 2365 1174 2456 hoc
1210 2368 1391 2453 medium
1418 2358 1612 2481 posterius
1641 2363 1690 2451 lit

527 2489 730 2579 densitatis
752 2493 801 2580 ab
821 2492 1012 2581 anteriori
1033 2494 1161 2603 magis
1178 2492 1352 2617 diversa,
1379 2521 1504 2605 quam
1518 2493 1691 2579 alterum

525 2619 724 2739 posterius
753 2608 946 2730 medium,
971 2621 1085 2734 quod
1103 2617 1315 2739 efficiebat
1333 2621 1589 2731 divergentes
1612 2647 1635 2703 a
1643 2618 1689 2739 f

529 2734 832 2836 ostendendum
853 2736 1073 2860 euinque,
1100 2748 1213 2860 quod
1230 2748 1358 2857 major
1385 2744 1431 2832 fit
1448 2744 1695 2858 inequalitas

528 2876 699 2957 rationis
730 2873 887 2962 finuum
915 2866 1163 2960 retractionis
1193 2875 1235 2956 in
1261 2872 1471 2981 posteriori
1500 2896 1624 2978 quam
1648 2873 1692 2952 in

246 2985 251 2995 ⁴
431 3054 444 3061 -
527 2990 654 3109 priori
673 2989 776 3075 casu.
834 2998 991 3081 Scilicet
1015 2984 1115 3078 radii
1134 2997 1166 3075 F
1183 2994 1239 3083 cl
1262 2986 1367 3075 finus
1386 2989 1610 3073 incidentia
1633 2989 1691 3074 est

431 3220 589 3305 ‘Fe

528 3109 579 3192 ad
598 3108 724 3196 sanum
754 3096 1001 3201 r'efraffionis
1017 3098 1063 3198 ut
1074 3111 1142 3218 sc
1156 3113 1205 3195 ad
1225 3112 1305 3225 Bc,
1333 3110 1411 3193 hoc
1430 3109 1499 3219 est,
1527 3132 1574 3196 ut
1601 3116 1690 3201 aad

540 3331 589 3343 -
655 3293 710 3374 Et
728 3282 777 3369 lic
794 3287 894 3371 radii
918 3288 951 3371 F
968 3310 989 3367 e
1008 3311 1034 3367 n
1052 3281 1141 3370 sunt
1160 3302 1205 3369 ut
1230 3310 1246 3366 1
1267 3285 1317 3368 ad
1345 3237 1418 3390 Εἴ,
1445 3276 1569 3395 duare
1585 3283 1689 3374 sanus

584 3340 603 3397 .‘
1348 3350 1396 3431 fe

531 3353 821 3546 iefrallionum
852 3456 1072 3544 eorundem
1105 3457 1313 3569 radiorum
1337 3456 1428 3543 sunt
1454 3457 1559 3543 inter
1586 3455 1624 3543 se
1641 3482 1688 3548 ut

533 3567 601 3766 {2-
620 3618 670 3701 ad
689 3571 768 3765 {f
815 3619 872 3741 at
901 3612 1017 3700 nuru
1047 3611 1219 3700 assensn
1251 3611 1465 3743 constant,
1490 3614 1605 3724 quon
1629 3639 1689 3697 ra.

535 3785 772 3887 diorumrl,
805 3778 1159 3895 en‚'r‘efraliorum
1173 3781 1393 3905 consimiles
1409 3779 1691 3873 refradlionum

538 3957 745 4054 finussunt
764 3980 811 4045 ut
892 3913 950 4112 {f
978 3959 1029 4040 ad
1058 3912 1129 4111 Ξ-Ξ.
1186 3952 1324 4063 Restat
1349 3953 1486 4067 itaque
1516 3961 1697 4069 probam

1580 4127 1693 4235 dum,
1861 4218 1868 4223 ,
