4058 5258
797 141 841 183 f

550 333 651 457 282·
932 344 1032 449 Du
1071 345 1343 451 Vunrru
1520 351 1616 454 Par.
1655 353 1731 455 ll„

549 560 802 654 obstaculum
829 565 921 652 EF.
976 568 1050 671 Ut,
1078 559 1352 671 li'statuantur
1368 548 1637 679 paulo-magis
1654 571 1716 659 (1ὶέ

550 697 710 799 stantes,
738 717 864 805 quant
883 688 1096 802 defignavi,
1123 688 1264 777 circuli
1280 694 1321 777 R
1338 694 1372 774 P
1386 696 1426 781 δι
1447 736 1481 780 π
1489 710 1533 804 p
1551 693 1721 806 poffirnt

550 819 792 923 coincidere,
819 821 859 906 δι
883 836 1047 905 mutuos
1063 813 1220 903 colores
1234 813 1379 923 delere,
1432 843 1626 907 coeuntes
1665 823 1723 909 in·

553 946 794 1035 albicantem
809 942 1018 1031 circulum.
1063 943 1136 1029 Sin
1158 943 1288 1055 tnagis
1305 945 1609 1053 adhucdistent,
1639 947 1725 1035 irio

551 1069 761 1180 vpeadet
781 1089 894 1154 extra
908 1068 1053 1154 iridem
1071 1073 1112 1155 R
1130 1073 1178 1155 P.
1235 1072 1407 1177 Quod-st
1423 1073 1729 1159 EPsttttratur‘

552 1200 603 1285 ad
623 1200 759 1285 locunt
780 1198 815 1305 Ι,
845 1196 925 1286 haec
954 1197 1023 1281 iris
1037 1213 1076 1308 p
1092 1240 1125 1285 π
1145 1197 1362 1306 evanescet,
1388 1200 1428 1286 81
1439 1200 1571 1310 potest
1591 1204 1725 1289 etiarn.

551 1325 778 1413 coincidete
796 1350 891 1411 curn
906 1322 1006 1410 iride
1022 1349 1094 1432 tp,
1122 1324 1151 1411 ll
1170 1330 1204 1410 E
1221 1323 1390 1435 Fptulo
1402 1323 1508 1410 ultra
1528 1327 1593 1412 vel
1611 1330 1723 1415 citra·

554 1454 691 1543 locum
721 1454 742 1536 1
776 1452 982 1539 statuatur.
1028 1451 1119 1555 Jnru
1150 1480 1248 1539 vern
1273 1452 1421 1539 horum
1444 1450 1633 1541 omnium'
1661 1458 1726 1541 a&

554 1585 718 1672 uclrlunr
747 1581 873 1671 facilis
898 1583 962 1671 est
981 1580 1210 1692 applicatio,
1237 1582 1367 1693 posito
1393 1584 1507 1695 quod
1533 1584 1715 1670 obstacu-

554 1711 641 1798 lum
671 1711 754 1797 ΕΡ
781 1708 953 1795 fundum
980 1710 1065 1816 ejus
1094 1705 1252 1817 referat,
1279 1711 1317 1798 8r
1345 1707 1411 1790 Η
1429 1711 1606 1794 tunicam
1620 1737 1724 1794 cor··

554 1864 671 1927 neam
689 1834 740 1920 ab
755 1835 981 1921 externivi
1007 1839 1077 1918 au't
1103 1834 1265 1923 interno
1281 1835 1419 1946 aliquo
1444 1835 1548 1920 vitio
1574 1860 1726 1946 perpe·-

555 1990 639 2048 ram
660 1978 884 2047 curvatam.
939 1961 1174 2067 Quinetiam
1195 1988 1253 2044 ex.
1269 1960 1331 2047 his
1346 1988 1430 2046 non
1449 1963 1728 2075 modo-gene·-

551 2086 640 2169 ralis
658 2081 770 2167 causa
787 2079 1091 2165 harurniridum
1108 2084 1440 2188 declaratunred
1454 2114 1531 2194 pro
1546 2089 1727 2199 quibust·

552 2210 650 2297 libet
667 2204 860 2310 eiusmodi
871 2202 1178 2308 particularibus
1187 2208 1572 2309 apparentiiseausae
1584 2213 1711 2295 etiam

556 2330 809 2451 particulares
834 2322 1018 2438 affigunti
1041 2322 1149 2436 polle
1179 2326 1395 2412 videntur„
1434 2331 1727 2437 Quemadmo-

556 2442 671 2571 dum,
699 2455 888 2547 srenifax
907 2476 1091 2567 appareat
1109 2452 1403 2542 unicitantum
1437 2458 1538 2545 iride
1569 2462 1735 2571 cineta„

555 2593 669 2699 cujus
702 2614 791 2697 pars
808 2585 984 2671 exterior
1003 2581 1133 2688 rubet,
1153 2581 1320 2666 interior
1341 2610 1440 2668 vero
1460 2584 1526 2670 vel
1543 2585 1630 2671 alba
1648 2592 1715 2677 vel

559 2717 665 2807 forte
696 2710 883 2797 nonnihil
919 2707 1084 2795 caerulea
1118 2731 1329 2821 appareat3
1365 2709 1507 2795 exinde
1529 2715 1731 2801 concludi:

558 2840 666 2961 polle
693 2841 868 2947 videtur,
895 2836 1007 2949 quod
1036 2864 1180 2924 cornea
1213 2840 1319 2924 circa
1350 2838 1603 2925 medietatem
1630 2846 1735 2949 ejus,
1778 2878 1791 2897 *

560 2976 607 3061 stt
622 2969 745 3081 paulo
765 2964 1133 3079 deprellronquam
1153 2963 1251 3051 solet
1265 2960 1339 3050 elle
1359 2968 1436 3052 fine
1453 2966 1735 3082 aliquirugi„

560 3094 720 3211 qualem
740 3095 790 3178 ad
810 3091 870 3179 lta
887 3090 1083 3203 descripsi.
1136 3086 1274 3179 Efficit
1298 3091 1405 3176 eninr
1423 3092 1488 3181 illa
1508 3095 1725 3211 depressio,¹

559 3249 607 3315 ut
627 3221 727 3308 radii
743 3223 795 3307 ab
822 3223 965 3307 eodem
985 3219 1138 3332 punito
1162 3220 1308 3331 objeffl
1326 3221 1529 3308 venientes
1545 3228 1594 3310 ad
1613 3253 1728 3335 pun·-

563 3346 628 3429 ἂι
650 3346 773 3451 longe
802 3344 902 3453 post.
921 3348 1093 3433 retinam
1112 3350 1375 3452 conveniunt,
1402 3351 1527 3458 &qui
1546 3349 1734 3458 proinde.-

561 3465 953 3571 inretinrlipatium
980 3470 1145 3575 aliquod
1175 3472 1304 3581 (quast
1329 3475 1385 3557 est
1402 3500 1429 3555 tr
1446 3499 1467 3555 o
1481 3485 1519 3583 ρ)
1546 3500 1733 3586 occupa..

562 3599 679 3697 hunt,
694 3588 808 3697 cujus
825 3586 1047 3700 peripheria
1062 3590 1131 3691 (ut
1148 3596 1273 3677 mod‘o
1301 3596 1477 3707 ostendi)
1505 3601 1628 3687 rubeo
1644 3629 1717 3686 co·

564 3723 650 3810 lore
668 3717 719 3805 ad
736 3714 979 3802 exteriorem
995 3715 1079 3823 eius
1092 3738 1243 3826 partem
1258 3719 1452 3832 tingetur,
1480 3731 1515 3814 8r
1535 3727 1630 3815 albo
1653 3728 1735 3813 vel.¹

564 3844 691 3936 dilute
703 3846 873 3935 caetuleo
887 3843 937 3928 ad
955 3841 1206 3929 interiorem.
1261 3850 1317 3931 Et
1341 3875 1426 3959 quo
1444 3854 1572 3962 major
1588 3852 1718 3959 hujus·

529 4084 537 4098 ι
562 3972 676 4069 modi
694 3968 764 4058 iris
781 3993 979 4085 appareat,
998 3997 1048 4056 eo
1066 3973 1194 4088 magis
1212 3971 1261 4066 ad
1278 3972 1513 4061 interiorem
1530 3980 1614 4086 ejus
1633 4006 1738 4087 par-t

567 4100 798 4195 tem.dtbet
817 4096 1136 4215 ceruleotingi„
1175 4099 1476 4192 Potestetianr.
1492 4101 1737 4242 hujusrnorli

1649 4251 1741 4313 tus,
