4028 5252
520 361 587 487 28
676 351 1426 475 anronun-Drvansr
1514 346 1609 447 Par.
1647 344 1685 446 Ι.
1814 310 1823 325 ⁸

524 594 653 705 magis
681 583 769 673 aliis
801 610 825 666 a
853 576 1038 691 priimate
1063 566 1351 680 restinguatur,
1379 561 1436 645 ita
1464 585 1513 650 ut
1542 594 1688 655 eorum

528 719 678 838 puniit
707 707 931 813 concuriis,
957 704 1037 791 srve
1067 697 1162 808 foci,
1183 695 1268 809 ⁸qui
1287 691 1412 802 prius,
1444 695 1691 806 concidere,

529 857 610 966 jam
629 844 771 960 singuli
800 842 945 930 cadant
975 831 1147 937 seorsim,
1174 827 1323 911 lineam
1351 820 1504 910 reiiam
1529 831 1692 921 confici.

382 1058 385 1067 .
534 992 662 1066 entes.
719 979 781 1058 Ac
809 964 992 1079 proinde,
1019 957 1130 1068 quod
1161 981 1253 1042 axes
1281 948 1576 1062 penicillorum,
1619 961 1691 1069 qui

380 1123 386 1135 ‘
468 1168 474 1177 -
535 1104 657 1193 radiis
690 1119 786 1212 puta
803 1086 1036 1194 successivis,
1062 1076 1540 1193 eousquecoincidebant,
1563 1083 1693 1173 donec

537 1233 709 1342 attigere
735 1220 893 1337 prisma,
938 1215 997 1301 ibi
1021 1238 1091 1324 per
1123 1208 1277 1294 variam
1311 1201 1591 1296 refraiiionem
1618 1210 1695 1298 fint

539 1351 670 1443 effeiii
685 1351 951 1457 divergenteS,
978 1358 1026 1426 ut
1042 1336 1094 1422 a'd
1110 1334 1223 1423 focos
1238 1329 1519 1443 penicillorunr
1533 1333 1576 1422 in
1589 1335 1695 1425 linei

542 1478 654 1567 reiid
669 1477 838 1586 jacentes
857 1482 1036 1582 pergant.

439 1855 451 1876 ·
546 1817 702 1926 XXII.
751 1804 1123 1957 Circumstantia
1170 1802 1378 1913 variata
1428 1802 1573 1919 tidem
1624 1807 1703 1921 dr·

752 1966 999 2122 scriptioni
1034 1960 1199 2115 rarius
1223 1959 1505 2114 applicatur.

608 2230 659 2312 Sr
686 2221 837 2308 Prisma
870 2218 987 2309 stella
1005 2217 1176 2303 Veneris
1205 2216 1378 2304 vicinius
1409 2247 1530 2330 quarn
1555 2222 1707 2312 lentem

556 2353 828 2460 collocaveris,
864 2372 911 2437 ut
938 2347 1037 2433 radii
1065 2366 1134 2456 per
1165 2343 1264 2431 illud
1287 2346 1532 2455 trajiciantur
1560 2352 1709 2461 primo,

556 2486 595 2573 8(
613 2487 638 2569 ir
656 2479 763 2567 lente
780 2477 925 2566 deinde
948 2494 1236 2583 convergentes
1261 2471 1374 2582 fiant,
1399 2480 1566 2565 eandem
1583 2479 1711 2564 lineo.

556 2609 640 2696 lam
662 2630 709 2695 ut
729 2608 840 2718 prius
865 2604 1037 2715 videbis,
1060 2598 1154 2688 licet
1177 2603 1310 2690 minus
1326 2603 1577 2715 conspicuam
1594 2609 1632 2695 8<
1650 2605 1712 2689 in·

559 2760 688 2825 ventu
703 2731 1001 2825 difficilliorem.
1057 2731 1146 2837 Jam
1179 2724 1220 2817 in
1252 2731 1330 2816 hoc
1353 2728 1580 2840 specimine,
1619 2758 1714 2816 cum

560 2869 661 2947 radii
678 2892 818 2944 omnes
836 2864 1050 2940 adveniant
1079 2858 1266 2957 paralleli,
1293 2856 1322 2927 sr
1345 2852 1545 2956 aqualiter
1572 2850 1715 2934 refrin

562 3004 753 3098 gerentur
771 2975 1001 3063 transrentes
1018 2973 1175 3080 prisma,
1204 2995 1410 3057 manerent
1426 2974 1561 3082 postea
1590 2976 1716 3087 paral.

562 3108 645 3214 leli,
673 3101 794 3211 usque
828 3098 928 3185 dum
961 3097 1059 3181 lenti
1093 3094 1327 3207 inciderent,
1354 3100 1393 3186 8(
1420 3096 1523 3186 ind
1545 3103 1714 3214 proinde

565 3236 616 3327 src
629 3227 955 3340 refringerentur,
976 3245 1023 3311 ut
1042 3249 1181 3309 omnes
1198 3225 1385 3340 deinceps
1407 3230 1458 3316 ad
1480 3231 1588 3318 idem
1614 3260 1716 3344 pun.

569 3358 683 3445 {ium
695 3372 920 3466 pergerent,
946 3354 985 3438 dr
1012 3347 1062 3435 fic
1088 3347 1286 3460 puniium
1313 3352 1492 3440 lucidum
1520 3357 1719 3467 conspice·

570 3504 693 3573 retur.
747 3481 894 3588 Quare,
921 3503 1017 3566 cum
1034 3475 1122 3560 vice
1137 3472 1275 3583 puniti
1294 3478 1404 3564 istius
1422 3501 1584 3593 apparet
1602 3481 1722 3597 linea,

531 3708 533 3712 Α
571 3611 896 3709 concludendum
908 3609 979 3718 est,
1001 3605 1112 3718 quod
1135 3631 1275 3693 ornnes
1299 3607 1400 3693 radii
1421 3635 1505 3695 non
1521 3609 1723 3717 aqualiter

574 3739 865 3855 restinguatur.

1425 4225 1588 4311 XXIII.
1615 4217 1736 4342 Qud
