4058 5258
562 240 670 399 248
910 240 1019 397 DE·
1048 240 1318 347 Vanus.
1526 248 1623 350 Par.
1656 250 1716 354 ll.

564 622 643 737 De
657 613 951 763 phanomrnis
992 606 1107 720 lucis
1127 636 1208 752 per
1242 601 1424 753 prisma
1458 611 1511 719 in
1543 609 1725 725 oculum

1001 763 1280 919 transmissa.

624 1033 752 1118 Posr
773 1021 968 1135 explicata
990 1021 1175 1108 colorum
1197 1049 1221 1104 a
1247 1017 1468 1133 parietibus
1495 1022 1630 1112 aliisve
1653 1024 1725 1112 ob-

570 1150 683 1262 ledis
709 1152 982 1263 phanomena,
1011 1149 1115 1234 ordo
1140 1146 1326 1258 postulat,
1354 1170 1401 1232 ut
1424 1150 1474 1235 ad
1492 1143 1634 1236 affines
1655 1149 1727 1234 ob-

573 1282 765 1385 tetrorum
798 1295 908 1361 trans
946 1272 1089 1383 prisma
1130 1299 1254 1383 prope
1289 1272 1452 1358 oculum
1495 1271 1728 1384 interposita

573 1403 879 1510 conspicuorum
902 1398 1152 1509 apparentiae
1177 1397 1427 1508 explicandas
1446 1399 1523 1503 jam
1545 1399 1727 1485 animum

568 1529 778 1633 ‚adjiceam
821 1530 891 1631 Et,
916 1551 1011 1609 cum
1031 1522 1273 1631 dodlrinam,
1301 1523 1482 1635 quinque
1496 1528 1729 1635 propositio·

574 1653 693 1736 nibus
708 1648 1032 1761 supratraditam,
1049 1676 1120 1760 per
1135 1648 1280 1759 prioris
1289 1648 1446 1761 generis
1460 1651 1728 1761 experimenta

573 1774 829 1861 solummodo
862 1774 1133 1883 probaverim,
1178 1778 1218 1856 δι
1251 1775 1331 1859 hoc
1364 1775 1729 1887 experimentorum

569 1928 716 2011 genus,
743 1930 793 1986 eo
822 1901 937 2013 quod
966 1929 1050 1986 non
1075 1897 1122 1986 fit
1144 1903 1245 1986 adeo
1264 1899 1440 2009 fimplex,
1468 1901 1651 1990 consulto
1672 1932 1731 1989 re·
1786 2000 1793 2013 ,

575 2027 773 2131 ticuetim,
809 2024 1116 2132 explicationem
1141 2027 1227 2129 ejus
1253 2027 1334 2130 jam
1357 2024 1438 2107 fuse
1465 2029 1619 2111 tradere
1646 2058 1733 2113 non

524 2240 528 2249 ,
575 2144 739 2261 pigebit.

629 2401 728 2485 Hrc
749 2395 839 2482 ideo
858 2391 1056 2504 imprimis
1074 2395 1273 2481 recordari
1282 2418 1459 2506 oportet,
1485 2402 1599 2513 quod
1625 2401 1734 2511 obje-

578 2524 739 2611 storum
760 2521 960 2608 mediante
987 2515 1224 2607 rebellione
1240 2521 1418 2609 visorum
1446 2526 1637 2637 imagines
1654 2556 1734 2614 non

579 2650 800 2760 inpropriis
812 2647 924 2752 loeis,
950 2645 1015 2731 sed
1033 2644 1365 2759 aliisquibuldam
1384 2651 1586 2757 videntur,
1608 2681 1629 2736 a
1645 2655 1735 2765 qui·

574 2775 652 2860 bus
677 2777 759 2858 viz.
789 2771 945 2858 tetradi
973 2772 1072 2854 radii
1098 2773 1148 2856 ad
1168 2774 1332 2860 oculum
1365 2779 1562 2863 tendunt:
1616 2802 1737 2891 atque

578 2903 695 3003 adeo,
724 2898 750 2978 fi
778 2902 833 2984 ita
862 2899 1145 3009 refringantur,
1186 2923 1246 3007 ut,
1268 2902 1341 3013 qui
1366 2899 1497 2990 fluunt
1525 2904 1576 2990 ab
1603 2904 1739 2992 iisdem

575 3022 760 3134 partibus
792 3024 957 3129 objedli,
983 3018 1187 3108 bdiverl'rs
1215 3023 1479 3115 locisdirelEle
1499 3030 1549 3115 ad
1576 3032 1738 3117 oculum

579 3151 764 3259 tendant,
787 3150 993 3257 objeblum
1012 3152 1120 3237 ¹illud
1146 3150 1188 3234 in
1208 3154 1380 3240 totidem
1402 3157 1500 3243 locis
1526 3161 1740 3270 apparebit.

578 3280 640 3362 Sit
668 3308 703 3362 e.
724 3305 764 3385 g.
787 3279 826 3356 X
855 3275 948 3381 (fig.
981 3277 1070 3376 40.)
1098 3274 1315 3381 objetium,
1343 3285 1380 3361 Ο
1405 3283 1557 3386 oculus,
1584 3289 1622 3369 8<
1651 3288 1739 3371 BC

579 3402 663 3486 lens
691 3392 934 3496 interponor,
962 3416 1051 3498 quae
1086 3393 1267 3497 pluribus
1298 3398 1427 3502 planis
1460 3399 1741 3507 superficiebus

580 3529 620 3613 c
636 3526 691 3626 D,
719 3522 758 3602 D
775 3518 826 3621 E,
861 3516 895 3598 E
911 3518 957 3620 F,
984 3516 1058 3599 &o
1087 3517 1338 3623 terminetur,
1376 3517 1473 3606 ficut
1499 3525 1549 3608 ad
1580 3528 1740 3629 objecta

580 3641 818 3754 multiplicia
840 3638 1040 3728 reddenda
1058 3637 1239 3726 fabricari
1262 3641 1372 3731 solet.
1427 3650 1533 3736 Dein
1562 3651 1741 3765 suppone

582 3780 663 3863 hac
679 3773 797 3885 plana
815 3770 946 3859 radios
964 3772 1006 3855 in
1026 3765 1102 3857 sese
1121 3768 1336 3856 incidentes
1362 3769 1419 3859 ita
1438 3775 1667 3896 refringere,
1695 3808 1742 3871 ut

581 3902 746 3990 oculum
775 3919 915 4007 petant
945 3894 1053 4008 quast
1082 3895 1217 3981 ‘aloco
1246 3922 1277 3977 x
1303 3901 1522 4013 venientes,
1549 3908 1622 4021 qui
1641 3911 1742 3998 inci·

582 4030 688 4122 dunt
719 4028 761 4116 in
787 4026 955 4139 planum
976 4025 1084 4131 DE,
1111 4022 1219 4113 &ste
1245 4052 1369 4136 porro
1387 4061 1399 4132 ;
1424 4037 1463 4122 dr
1492 4034 1741 4123 manifestum

1648 4164 1746 4252 est
