4028 5252
276 392 397 505 Sc&
433 382 497 491 ΙΙ.
603 363 1204 481 Rr'rnnorrouuu.
1378 388 1447 511 39

278 615 356 702 hac
374 598 651 695 mensmuvere
678 588 780 697 (sive
804 588 847 675 id
869 585 1023 675 factum
1049 586 1112 694 stt,
1147 608 1196 673 ut
1226 582 1305 698 jum
1335 585 1445 676 dian

278 729 506 849 hypothefis
526 718 698 812 Certesri
731 714 984 828 probaretur,
1015 709 1095 799 iive
1119 712 1207 798 aliis
1225 713 1275 798 dc
1301 715 1446 823 cuufis)

278 862 398 952 credo
424 857 531 960 iilos,
552 851 736 958 inquam,
764 843 989 927 mensuram
1007 836 1212 925 instituiffe
1226 840 1276 924 ad
1294 842 1444 929 medie·

276 1014 402 1080 tatem
433 978 612 1071 reita&
640 975 768 1077 lucin,
797 970 875 1055 hoc
899 969 969 1075 eii,
999 967 1026 1051 fi
1053 969 1223 1077 spatium
1247 997 1270 1052 a
1295 970 1444 1055 colori·

276 1122 354 1209 buo
380 1132 623 1224 occupatum
638 1100 877 1215 spectemus,
905 1101 955 1183 ad
985 1098 1207 1235 confinium
1229 1098 1370 1184 viridis
1403 1104 1443 1189 8<

280 1241 459 1333 aruer:
488 1246 575 1324 nuc
610 1228 889 1340 nspenemus
912 1200 1274 1338 'quantitatem'J'ad
1293 1228 1441 1312 merie,

282 1393 408 1458 tatem
426 1364 597 1464 viridis;
631 1363 671 1446 81
694 1377 882 1466 praeterea
901 1350 1097 1460 puniium
1121 1351 1225 1435 istud
1244 1378 1319 1461 pro
1336 1354 1444 1463 prin·

281 1490 404 1603 cipali
428 1486 524 1570 foco
540 1485 710 1568 lentium
732 1475 959 1563 habendum
983 1468 1060 1558 effe
1078 1475 1253 1583 videtur,
1268 1479 1310 1560 in
1329 1480 1443 1588 quod

281 1615 571 1713 mermedium
609 1636 736 1726 genus
777 1607 982 1690 radiorum
1026 1603 1248 1717 convergit.
1305 1613 1442 1719 Atque

281 1754 417 1859 etiam,
445 1746 473 1831 fi
503 1741 669 1857 quando
693 1739 743 1824 de
771 1736 891 1822 radiis
922 1731 1148 1818 indistinete
1179 1730 1441 1821 differendum

281 1883 354 1987 est,
378 1899 429 1964 ut
460 1871 652 1958 uocaus
676 1868 783 1977 apud
816 1860 971 1974 Opticae
1002 1863 1152 1973 peritos
1181 1865 1443 1974 consueverit,

281 2030 411 2117 genus
433 1998 630 2089 mediocre
649 1990 910 2083 commodius
931 2014 1055 2100 quam
1080 2012 1355 2077 extremorum
1367 1992 1445 2078 aii·

280 2129 392 2245 qnod
411 2153 488 2239 pro
502 2122 694 2213 omnibus
711 2116 853 2206 haberi
867 2112 1010 2225 potest.

12 2606 13 2619 Ν
92 2649 99 2659 .
281 2483 745 2605 uvimundus
791 2479 1068 2632 explorandi·
1097 2483 1294 2631 finuum
1337 2488 1444 2639 isto-

689 2686 795 2756 rum
820 2651 1033 2762 rationes.

339 2906 522 3011 Porro,
544 2922 637 3005 cum
652 2894 757 2986 forte
772 2900 1014 2989 defideretur
1027 2901 1251 2988 accuratius
1268 2928 1436 2991 examen

284 3032 399 3124 diuo
427 3028 571 3143 regulo
603 3028 851 3138 Cartesranae,
878 3059 1003 3143 quam
1028 3031 1195 3119 antehac
1214 3031 1441 3120 institueba-

286 3186 369 3267 tur,
395 3161 492 3244 tium
510 3155 618 3243 varia
634 3157 842 3241 radiorum
860 3156 1168 3272 refrangibilitas
1192 3161 1441 3274 experientes

287 3287 419 3395 latuit,
446 3285 578 3397 primo
599 3283 746 3389 dicam,
774 3312 858 3396 quo
876 3287 995 3394 pacio
1020 3287 1061 3372 id
1087 3319 1169 3373 non
1186 3289 1439 3376 incommode

284 3416 367 3501 fiat.
422 3414 629 3524 Quoniam
644 3408 759 3496 fluidi
775 3411 964 3522 pellucidi
983 3417 1204 3527 superficies
1223 3418 1442 3535 refringen-

286 3565 345 3629 tes
369 3540 483 3627 facilc
508 3534 653 3650 poffint
679 3537 862 3651 inclinari
881 3546 930 3628 ad
955 3546 1138 3654 quemvis
1156 3546 1296 3630 datum
1317 3574 1441 3657 angu-

285 3672 388 3780 lum,
413 3671 524 3779 quod
540 3667 667 3752 solido
686 3695 772 3753 non
792 3666 849 3753 est
865 3670 1101 3782 conceffum,
1130 3672 1252 3759 fluida
1274 3677 1316 3761 in
1332 3675 1439 3761 hunc

283 3794 410 3878 {inem
435 3791 599 3878 fuerunt
619 3792 822 3899 adhibita,
850 3796 914 3883 sed
943 3798 1208 3885 instrumento
1233 3803 1358 3911 magis
1381 3799 1439 3886 la·

284 3915 464 4020 borioio,
488 3945 611 4027 quam
642 3945 742 4028 opus
769 3944 867 4029 erat,
894 3927 931 4010 8(
959 3924 1159 4009 erroribus
1185 3924 1290 4010 forte
1314 3926 1449 4035 magis.

287 4042 486 4145 obnoxio,
512 4068 633 4151 quam
658 4046 685 4129 sr
711 4048 824 4133 omni
850 4072 1042 4160 apparatu
1059 4056 1297 4161 privaretur,
1325 4054 1438 4136 dern-

284 4173 360 4283 ptri
376 4167 490 4256 trabe
507 4169 574 4253 cui
591 4170 792 4261 vasculum
809 4204 920 4290 aque
942 4177 1107 4287 plenum
1130 4176 1323 4287 affigitur.
1377 4172 1437 4254 Sit

1299 4317 1441 4406 itaque
