4078 5250
537 346 638 459 182
811 344 910 511 Dp
947 336 1339 443 Rturouuu
1498 348 1595 451 Par,
1630 351 1692 454 tu·

596 710 636 792 A
654 740 682 793 o
703 707 799 816 herc,
825 706 968 796 lamina
986 708 1040 811 K,
1068 696 1226 787 srvalde
1245 697 1480 811 obliquetur
1497 709 1548 792 ad
1572 709 1706 799 rudior

542 833 586 916 in
612 833 741 946 ipsum
770 837 999 931 incidentes,
1040 853 1124 911 non
1161 822 1330 931 amplius
1358 823 1446 910 alba
1477 835 1702 949 apparebit,

545 960 612 1045 sed
633 964 697 1048 vel
710 988 806 1045 curn
825 963 951 1045 rubeo
969 951 1366 1041 velceruleocolore
1382 952 1551 1063 imbuta,
1577 973 1701 1064 prout

547 1082 612 1168 vel
643 1080 775 1166 versus
810 1078 1042 1168 verticalem
1081 1076 1290 1186 angulum,
1330 1054 1397 1164 v'el
1430 1080 1565 1166 versus
1594 1077 1707 1169 bafia

546 1208 742 1317 prismatis
756 1210 994 1313 inclinatur3
1021 1205 1064 1291 id
1089 1206 1204 1318 quod
1220 1205 1333 1293 nullo
1355 1209 1482 1293 modo
1499 1210 1708 1306 accideret,

551 1333 695 1419 sralbo
722 1334 805 1440 lux,
832 1338 1008 1445 quicum
1027 1332 1288 1442 illuminatur,
1315 1331 1566 1446 homogenea
1591 1331 1708 1444 elsot;

552 1463 881 1576 quandoquidem
893 1462 983 1547 alba
997 1464 1037 1550 8(
1051 1459 1264 1570 specularia
1282 1490 1452 1574 corpora
1466 1463 1708 1553 remerenda

554 1585 702 1695 lucem,
730 1617 810 1676 non
840 1610 1003 1674 mutant
1017 1585 1198 1673 colorem
1225 1589 1325 1695 ejus.
1383 1591 1458 1675 Sed
1478 1591 1559 1677 hoe
1580 1620 1631 1676 ex
1657 1615 1737 1700 eo·

551 1715 717 1799 etenim
730 1714 933 1801 fatendum
953 1713 1024 1817 est,
1039 1713 1150 1819 quod
1169 1711 1211 1797 in
1226 1710 1444 1822 speculum,
1468 1715 1632 1827 quando
1649 1713 1712 1797 in·

554 1839 780 1929 cidentibus
819 1843 936 1928 radiis
974 1839 1194 1925 admodum
1228 1841 1490 1955 obliquatur,¹
1506 1836 1712 1955 pauciores

557 1985 609 2041 ex
634 1966 931 2077 obliquioribus
953 1966 1070 2051 radiis
1092 1963 1135 2047 in
1153 1964 1251 2050 illud
1279 1969 1469 2074 incidant,
1496 1969 1623 2081 inque
1652 1992 1714 2049 rc·

554 2083 660 2171 flexi
681 2085 769 2172 luce
787 2094 914 2194 major
937 2094 983 2176 stt
1007 2090 1123 2197 copia
1147 2090 1353 2175 radiorum
1368 2093 1500 2175 minus
1524 2092 1714 2196 obliquo·

556 2241 662 2320 cunr,
689 2213 761 2323 qui
785 2213 957 2321 proinde
983 2212 1333 2322 pradommntur,
1360 2217 1398 2301 δι
1422 2212 1631 2321 proprium
1646 2238 1714 2296 co-

558 2343 689 2429 lorem
713 2335 942 2444 ostendunt,
968 2363 1093 2446 quem
1120 2364 1203 2424 non
1227 2331 1388 2445 possunt
1416 2361 1590 2443 exerere,
1618 2336 1715 2421 stad

561 2465 785 2553 albedinem
811 2460 912 2547 lucis
946 2461 1160 2549 incidentis
1191 2463 1488 2571 producendam
1516 2489 1602 2546 non
1631 2483 1719 2546 tan-

561 2616 780 2682 tumtum
808 2586 899 2675 aliis
932 2588 1138 2676 coloribus
1174 2586 1445 2694 miscerentur,
1484 2585 1551 2672 sed
1582 2608 1722 2675 revera

560 2720 928 2808 transmutarentur
956 2716 998 2801 in
1030 2714 1276 2803 uniformem
1301 2715 1539 2801 albedinem.
1595 2718 1722 2800 Caete·

563 2871 661 2929 tum
694 2870 808 2952 nota,
849 2847 963 2957 quod
990 2847 1034 2929 in
1069 2844 1197 2929 isthoc
1226 2845 1506 2950 experimento
1529 2838 1724 2949 faciendo,

562 2968 718 3072 prestat
735 2967 923 3052 laminam
940 2996 1023 3051 non
1038 2960 1292 3074 perpolitam,
1315 2967 1379 3050 sed
1399 2964 1597 3073 superficie
1620 2991 1723 3048 non-

561 3085 669 3171 nihil
691 3089 824 3199 asperi
850 3087 1001 3199 (qualia
1020 3087 1077 3169 est
1098 3087 1255 3175 nummi
1281 3090 1459 3196 argentei
1485 3088 1548 3173 rel
1564 3092 1722 3200 charte,

564 3215 661 3320 dte.)
687 3216 892 3321 preditam
906 3213 1107 3297 adhibere·

620 3462 880 3544 Panreuet
902 3453 1030 3562 vulgo
1044 3475 1189 3539 notum
1202 3457 1272 3560 est,
1297 3458 1410 3569 quod
1425 3483 1474 3543 ex
1490 3456 1721 3568 pulveribus

567 3578 901 3671 diterfieoloribus
917 3578 1024 3663 inter
1041 3576 1078 3663 se
1093 3578 1310 3667 commistis
1324 3607 1456 3668 novus
1471 3584 1584 3670 color
1597 3614 1724 3674 erner-

568 3714 662 3823 git3
688 3729 838 3820 tamen,
866 3706 894 3791 st
927 3702 1113 3816 pulverea
1140 3705 1203 3792 isti
1231 3707 1488 3820 inspiciantur
1514 3711 1725 3803 microsco·

363 3823 367 3831 ’
479 3878 481 3883 ‚
571 3839 662 3949 piis,
691 3861 830 3921 omnes
848 3836 1036 3921 videntur
1052 3830 1169 3920 tinsti
1183 3835 1356 3944 propriis
1373 3838 1588 3926 coloribus.
1643 3846 1727 3930 Ad·

573 3996 626 4052 eo
648 3985 691 4053 ut
712 3963 944 4071 'exxmisturd
965 3962 1176 4073 pulverum
1196 3962 1352 4050 colores
1371 3968 1525 4077 proprii
1551 3997 1634 4053 non
1660 3972 1727 4054 de·

576 4074 789 4195 struantur,
816 4087 879 4175 sed
896 4087 1166 4200 permiscendo
1183 4108 1343 4181 tantum
1365 4089 1479 4178 color
1497 4121 1630 4219 novus
1650 4094 1723 4176 eli-

1586 4220 1724 4287 tratur.
