4028 5252
552 357 623 465 26
727 338 1121 458 Rnnro‘num
1159 343 1471 455 Drvnnsr
1547 353 1645 459 Par.
1682 354 1717 465 1.

560 794 668 903 XX.
708 791 890 941 Magis
929 790 1081 905 adbuc
1111 813 1411 936 promovetur
1449 819 1528 939 prr
1547 791 1717 952 imagi·

889 992 994 1066 nem
1014 949 1158 1102 stella
1182 946 1388 1101 Veneris.

612 1209 637 1314 J
640 1240 709 1298 nn
731 1206 860 1321 liquet
884 1230 936 1291 ex
956 1204 1141 1317 praefatis,
1168 1205 1282 1319 quod
1303 1203 1489 1313 imaginis
1520 1208 1609 1294 PT
1627 1208 1720 1297 lati·

558 1336 659 1423 tudo
675 1334 825 1444 semper
847 1330 982 1420 evadit
1007 1361 1057 1419 eo
1074 1333 1220 1442 minor,
1247 1358 1333 1445 quo
1353 1327 1534 1421 foramen
1559 1333 1720 1444 longin·
1862 1406 1866 1413 .

558 1489 685 1577 quum
694 1460 737 1567 f
750 1456 902 1546 sedium
925 1459 982 1547 est
1006 1458 1224 1571 angustius,
1251 1478 1299 1547 ut
1326 1455 1428 1543 nihil
1447 1459 1719 1551 dubitandum

560 1592 622 1697 sn,
643 1590 744 1701 quin
774 1586 882 1674 disin
915 1587 1090 1675 latitudo
1114 1586 1270 1699 prorsus
1292 1586 1554 1696 evanesceret,
1583 1589 1719 1679 srvice

560 1716 769 1805 foraminis
787 1715 898 1801 istius
914 1712 1142 1802 transsucidi
1161 1742 1290 1801 unum
1307 1715 1501 1802 duntaxat
1516 1712 1716 1829 pnnsium

560 1844 620 1932 ibi
647 1838 931 1928 lucidiffirnum
963 1839 1170 1926 existeret:
1198 1860 1321 1953 atque
1341 1839 1447 1937 istud
1466 1839 1516 1928 src
1532 1837 1720 1927 futurum

561 1969 638 2059 esse
677 1967 939 2056 confirmatur
981 1995 1033 2053 ex
1078 1966 1356 2056 observatione
1401 1996 1485 2056 non
1530 1966 1722 2078 dissimili,

561 2126 686 2213 quam
718 2097 840 2186 habui
853 2099 1061 2211 qnondam
1076 2097 1127 2182 de
1148 2095 1256 2182 stellas
1273 2098 1456 2184 Veneris.
1511 2097 1718 2186 Cubiculo

432 2326 435 2331 ,
560 2253 706 2342 nempe
736 2228 1036 2342 quaquaversus
1071 2222 1277 2329 obturato,
1318 2245 1487 2336 excepto
1525 2223 1720 2312 foramine

561 2356 686 2468 paulo
718 2350 927 2467 plusquam
961 2352 1063 2439 dnos
1081 2351 1233 2465 digitos
1265 2349 1363 2457 lato,
1389 2371 1437 2439 ut
1463 2350 1724 2439 tenebrofiffi·

356 2486 362 2499 ’
449 2598 458 2605 η
561 2516 677 2575 mum
709 2482 954 2576 efficeretur.
1008 2485 1059 2568 In
1093 2482 1169 2569 isto
1202 2480 1399 2571 foramine
1432 2483 1587 2571 vitrum
1617 2484 1725 2596 obje-

563 2616 720 2708 siivum
753 2615 960 2728 perspicilli
983 2612 1285 2727 septempednlis
1312 2614 1520 2723 callocavi,
1546 2614 1726 2704 latitudi-

560 2778 611 2839 ne
625 2753 712 2862 eius
726 2748 777 2835 ad
810 2740 1075 2835 sufficientem
1098 2745 1305 2832 radiorum
1335 2745 1492 2856 copiam
1523 2744 1728 2830 transmit-

560 2884 740 2977 tendam,
778 2873 1064 2979 duosfldigitos
1093 2876 1133 2950 8(
1159 2874 1332 2969 amplius
1359 2872 1510 2968 aperti.
1566 2870 1727 2952 Deinde

563 3004 614 3087 ad
634 2985 862 3085 distantiam
894 2984 1042 3097 septem
1070 2987 1220 3094 pedum
1240 3012 1395 3099 papyro
1419 2985 1633 3076 transverse
1651 3020 1726 3104 po-

565 3125 651 3231 siti,
679 3124 827 3208 ineam
858 3116 944 3204 vidi
974 3115 1121 3227 syderis
1139 3114 1355 3226 imaginem
1374 3119 1422 3202 ad
1448 3113 1566 3202 instar
1581 3120 1725 3230 punsii

565 3254 690 3341 lucidi
708 3250 948 3363 projesiam3
975 3245 1271 3359 &interposito
1298 3248 1483 3362 prismate
1502 3251 1552 3335 ad
1580 3251 1724 3339 distan-

565 3385 666 3468 tiam
697 3379 809 3493 pedis
841 3382 963 3467 unius
1001 3379 1228 3466 duorumve
1263 3378 1315 3465 ab
1341 3380 1415 3467 iste
1450 3402 1616 3493 papyro,
1653 3408 1725 3491 per

567 3510 679 3625 quod
702 3508 802 3594 radii
825 3509 980 3618 trajesii
997 3509 1079 3594 aiio
1107 3502 1445 3623 refringerentur:
1473 3535 1548 3618 pro
1573 3506 1727 3620 punsto

570 3642 641 3729 iilo
670 3635 805 3724 lucido
824 3636 872 3719 ad
900 3635 1125 3722 distantiam
1154 3636 1248 3722 inde
1289 3634 1497 3748 plusquam
1532 3634 1725 3746 pedalem,

570 3774 657 3864 vidi
687 3765 890 3871 lineolam,
919 3764 1011 3852 licet
1039 3792 1121 3850 non
1159 3765 1274 3851 valde
1315 3766 1502 3872 lucidam,
1528 3764 1638 3852 facile
1667 3785 1726 3851 ta·

572 3930 667 3990 men
702 3891 968 4004 conspicuam,
995 3893 1034 3975 8(
1066 3890 1177 3997 cujus
1211 3892 1423 4000 longitudo
1451 3887 1637 3978 semissem
1668 3892 1727 3976 di·

575 4029 651 4146 giti
684 4017 896 4136 superavit,
930 4015 1103 4101 latitudo
1128 4038 1265 4098 autem
1290 4014 1367 4102 suit
1403 4021 1538 4128 quoad
1575 4015 1726 4102 sensum

577 4159 700 4267 nulla,
754 4149 891 4239 saltem
936 4140 1042 4230 haud
1086 4140 1210 4251 major
1244 4166 1367 4252 quarn
1413 4167 1461 4229 ut
1500 4143 1723 4230 sentiretur.

1584 4273 1725 4376 Atque
1765 4322 1781 4337 π
