4058 5258
551 372 657 520 284
921 364 1017 468 Du
1055 361 1309 470 Vanam
1508 368 1610 469 Par.
1649 368 1718 471 ΙΙ,

555 601 594 685 C
615 601 671 702 D,
693 597 732 682 8(
764 585 950 678 nonnulli
980 582 1048 670 alii
1080 609 1150 696 per
1175 602 1312 667 totum
1329 577 1501 690 spatium
1522 589 1622 693 RP,
1643 586 1719 672 ubl

557 747 751 810 coronam
776 711 1008 807 ABetiam
1034 708 1266 820 pingebant.
1320 709 1429 792 Cum
1448 707 1586 820 itaque
1616 715 1723 796 Car.

561 850 680 938 tefius
709 847 790 934 haec
823 839 987 944 viderit,
1022 837 1235 948 postquam
1265 859 1336 944 per
1364 851 1495 917 totam
1514 836 1720 945 uesperam

487 988 504 1013 ’
563 980 706 1067 cubito
719 974 882 1061 innixus
910 988 1009 1073 erat,
1051 991 1171 1078 ruga,
1195 963 1335 1076 quales
1360 961 1547 1072 explicui,
1573 987 1719 1073 potue-

566 1133 661 1196 runt
691 1102 884 1216 imprimi,
910 1097 1017 1183 unde
1044 1089 1194 1182 necelse
1224 1114 1310 1179 erat
1337 1091 1531 1197 ejusmodi
1554 1120 1721 1178 coronas

567 1258 768 1345 apparere,
795 1225 961 1339 &quod
989 1246 1069 1307 tres
1093 1244 1251 1308 corona
1272 1244 1354 1303 non
1370 1216 1629 1327 apparebant,
1656 1215 1726 1302 illi

569 1358 714 1446 scilicet
733 1384 816 1443 non
838 1369 1052 1461 apparente
1080 1348 1192 1455 cujus
1210 1364 1361 1456 partem
1384 1343 1624 1428 exteriorem
1648 1370 1723 1427 ca·

574 1487 727 1573 ruleam
743 1476 818 1567 elle
839 1473 1039 1589 descripsi,
1061 1478 1100 1562 8(
1119 1494 1274 1585 partem
1297 1466 1532 1553 interiorem
1548 1470 1728 1594 rubeam,

576 1614 617 1699 id
630 1642 680 1699 err
696 1641 745 1699 eo
764 1607 899 1693 venire
916 1605 1071 1709 debuit,
1097 1600 1210 1712 quod
1229 1594 1328 1682 radii
1345 1594 1416 1681 l&
1434 1599 1459 1664 λ
1476 1592 1649 1701 refrndli,
1676 1622 1728 1680 ex

579 1740 728 1855 quibus
754 1736 855 1824 hanc
869 1758 1063 1819 coronam
1080 1724 1260 1842 generari
1278 1723 1455 1829 deberet,
1482 1724 1587 1809 baud
1610 1723 1735 1809 citius

578 1895 702 1979 quam
719 1865 769 1950 nd
789 1862 958 1947 retinam
977 1855 1291 1962 convergebant
1312 1870 1384 1934 aut
1396 1847 1531 1956 potius
1547 1877 1630 1935 non
1648 1871 1736 1934 tam

580 1994 677 2079 cito.
729 1986 893 2073 Etenim
921 1979 1129 2091 probabile
1146 1978 1319 2079 videtur,
1345 1975 1459 2085 quod
1483 1976 1626 2061 tunica
1648 2000 1737 2061 cor·

578 2138 658 2201 neae
678 2136 765 2219 pars
780 2110 914 2214 aliqua
931 2106 981 2188 ab
1007 2107 1175 2185 externi
1201 2097 1398 2207 preffione
1422 2100 1544 2207 poffit
1567 2102 1653 2185 fieri
1680 2104 1741 2186 so·

582 2238 657 2325 lito
669 2229 902 2333 convenior,
918 2231 956 2313 8(
975 2221 1046 2305 nist
1063 2224 1139 2304 lroc
1155 2220 1328 2318 eveniat,
1358 2222 1458 2301 radii
1473 2222 1531 2302 illi
1549 2251 1633 2304 non
1650 2223 1741 2329 pos·

585 2366 675 2452 lunt
693 2358 812 2445 citius
835 2379 960 2465 quam
989 2348 1043 2432 ad
1069 2345 1238 2428 retinam
1257 2343 1486 2429 conuenire.
1541 2345 1613 2429 Illa
1637 2375 1737 2433 vero

593 2493 874 2583 terciacorona
902 2508 983 2566 non
1015 2472 1144 2587 potest
1157 2497 1365 2584 apparere,
1386 2467 1592 2561 nili-citius
1607 2475 1676 2582 (ut
1690 2477 1743 2563 ad

592 2611 910 2729 llconveniant.
950 2604 992 2689 si
1007 2601 1127 2711 longe
1146 2600 1251 2685 ultra
1263 2621 1526 2707 convergunt,
1553 2628 1749 2691 coronam

593 2768 694 2832 tunc
706 2738 878 2850 quidem
897 2733 1085 2821 deberent
1109 2719 1281 2829 efficere,
1308 2724 1372 2808 led
1392 2724 1505 2829 cujus
1530 2751 1618 2836 pars
1635 2753 1746 2813 exte·

594 2867 676 2950 rior
695 2856 928 2962 rubesceret,
955 2859 994 2942 8(
1012 2875 1110 2939 tunc
1127 2873 1213 2934 tres.
1230 2873 1385 2934 corona
1401 2848 1443 2931 in
1461 2849 1659 2936 exteriore
1678 2880 1747 2937 eo·

596 2984 964 3098 rumparterubeae
993 2976 1328 3089 conspicerentur,
1377 2976 1452 3060 Sed
1478 2975 1521 3059 in
1555 2976 1657 3064 hisce
1692 2978 1750 3064 vi-

598 3119 692 3204 dear
709 3108 876 3218 nimius,
886 3106 1096 3219 prasertim
1115 3129 1209 3188 cum
1236 3122 1346 3184 tanta
1360 3098 1564 3187 causarum
1580 3104 1750 3192 varietas

599 3270 685 3333 non
703 3239 830 3324 solum
850 3235 1025 3323 atanici
1039 3231 1200 3333 cornei,
1243 3225 1306 3315 sed
1324 3224 1494 3313 humore
1512 3228 1751 3342 crystallino,

602 3367 822 3459 &aliunde
853 3362 975 3450 etiam
1006 3361 1089 3471 peti
1121 3354 1295 3468 poliunt,
1321 3376 1368 3439 ut
1387 3355 1493 3440 haud
1519 3353 1565 3439 stt
1587 3352 1754 3440 difficile

603 3495 735 3608 plnres
752 3487 955 3594 affignare,
983 3510 1071 3590 quae
1097 3482 1255 3566 eosdem
1278 3477 1477 3588 quossibet
1498 3472 1661 3565 effeetus
1688 3472 1756 3569 di.

605 3617 725 3705 uersis
755 3607 1004 3725 temporibus
1037 3604 1278 3715 producant.
1337 3604 1484 3688 Nescio
1520 3623 1668 3709 tamen,
1702 3632 1755 3694 an

607 3769 736 3852 operae
759 3737 937 3854 pretium·
961 3730 1008 3817 fit
1034 3749 1225 3817 annotare
1250 3726 1403 3812 causam
1432 3730 1635 3815 radiorum
1652 3735 1679 3817 a
1697 3731 1758 3818 lu

607 3863 706 3955 cidis
724 3861 963 3969 corporibus
981 3856 1072 3942 binc
1092 3855 1184 3938 inde
1205 3852 1254 3936 ad
1281 3850 1399 3936 instar
1418 3854 1593 3940 trabium'
1612 3856 1654 3941 in
1672 3855 1759 3944 lon·

612 4014 711 4108 gum
728 3983 1118 4095 protensarum,cum
1135 3975 1261 4061 oculis
1271 3977 1525 4086 paneclaufis
1541 3981 1767 4091 aspicimus.

611 4118 773 4231 Nempe
792 4109 1024 4216 humiditas,
1050 4128 1137 4218 qua
1154 4100 1261 4191 inter
1274 4101 1419 4191 cilia&
1435 4105 1610 4192 tunicam
1620 4132 1762 4190 come·
