4058 5258
565 324 670 433 266
913 320 1006 419 De
1046 314 1298 421 Vnarrs
1518 326 1615 431 Par.
1654 332 1710 434 Is.
1827 248 1854 289 x

562 572 628 631 ma
645 539 690 625 fit
710 534 968 649 triangulare,
1005 532 1062 620 srn
1083 533 1470 645 parallelepiped'um,
1491 540 1729 634 hebescunt„

564 662 912 771 2⁰·Cumobiella
921 659 1721 777 perprismatatriangulariatranspiciun-

561 816 644 900 tur,
661 788 965 878 coloresitidem
981 785 1263 896 splendidiores
1281 792 1459 876 evadunt
1477 819 1526 874 ex
1539 795 1721 902 objeslo-

563 944 655 1006 rum
663 914 781 1004 audet
791 915 1101 1028 longinquitate,
1113 934 1155 999 at
1173 913 1282 1000 secus
1301 915 1347 1000 fit
1368 919 1409 1002 in
1428 916 1720 1033 parallelepipe-

561 1047 636 1131 dis.
650 1039 1111 1145 3⁰.Cumsoltranllucet
1129 1038 1273 1149 prisma
1289 1040 1549 1152 triangulare,
1564 1048 1730 1134 colores.

563 1172 753 1257 oriuntur
772 1169 1028 1255 terminando
1047 1165 1179 1253 lucem
1197 1195 1247 1252 ex
1263 1168 1417 1254 utrdvis
1436 1192 1546 1278 parte
1559 1173 1722 1282 prisma·

563 1296 643 1382 tis:
690 1316 731 1381 at
763 1320 858 1381 eum
892 1292 1104 1379 transsucet
1132 1292 1519 1406 parallelepipedurn,
1563 1298 1732 1386 colores.

565 1452 649 1511 non
668 1421 857 1508 oriuntur
889 1420 1146 1507 terminando
1173 1419 1304 1507 lucem
1339 1427 1364 1505 st
1399 1419 1608 1531 posteriori
1637 1427 1734 1531 ejus.

565 1573 698 1659 parte.¹
745 1547 876 1654 Cujus
899 1549 957 1633 rei
986 1547 1091 1632 ratio
1118 1547 1189 1655 est,
1216 1546 1329 1659 quod
1347 1547 1606 1656 heterogenei
1624 1550 1731 1635 radii·

565 1705 589 1761 a
617 1674 854 1787 triangulari
885 1672 1070 1785 prismate
1101 1676 1358 1784 divergentes
1388 1672 1506 1780 liunt,
1542 1676 1722 1788 adeoque

564 1803 653 1910 post
687 1803 975 1912 emergentiarn
1006 1801 1096 1910 plus
1124 1798 1290 1913 plusque
1315 1796 1599 1911 segregantur,
1623 1824 1665 1885 at
1680 1802 1724 1886 in

565 1927 868 2035 parallelilmurn
884 1927 1151 2013 restituuntur
1169 1916 1423 2039 emergentes
1445 1958 1469 2012 e
1486 1930 1733 2040 parallelepi-

563 2051 682 2157 pedo,
703 2053 743 2131 de
760 2074 845 2130 non
866 2050 1039 2156 amplius
1063 2051 1113 2135 ab
1131 2052 1312 2136 invicem
1338 2055 1553 2137 recedunt..
1598 2058 1732 2140 Denia

563 2173 823 2267 queuotum
852 2155 924 2259 est,
950 2156 1063 2260 quod
1087 2155 1287 2258 colorum,
1315 2156 1358 2238 in
1386 2178 1610 2243 extremam
1636 2191 1738 2270 par..

565 2304 651 2369 tem
669 2276 779 2365 oculi
805 2277 851 2363 iu
867 2273 991 2365 solem
1013 2278 1081 2363 vel
1111 2277 1317 2367 lucernam
1337 2304 1407 2387 per
1432 2277 1576 2385 prisma
1596 2286 1730 2373 trian.

567 2408 704 2525 gulare
724 2405 979 2519 respicientis,
1006 2403 1180 2516 quilibet
1204 2404 1332 2491 astans
1351 2404 1507 2489 videbit
1540 2413 1724 2498 ordinem

530 2524 536 2540 ⁵
568 2539 606 2624 ei
620 2534 882 2642 contrarium,
907 2560 1032 2649 quem
1053 2532 1165 2619 videt
1189 2529 1270 2641 ipse
1287 2528 1507 2641 spoliator..
1539 2544 1612 2643 At,
1631 2567 1734 2625 cum.

568 2662 941 2776 parallelepipedum
953 2657 1181 2764 adhibetur,
1207 2657 1316 2744 idem
1334 2660 1409 2745 erit
1423 2662 1526 2746 ordo
1541 2666 1733 2751 colorum·
1844 2720 1863 2753 .

569 2794 614 2877 in
630 2813 807 2899 utroque
832 2787 921 2874 casu
939 2808 1105 2895 propter
1129 2779 1437 2870 decusationem
1463 2788 1662 2871 radiorum
1677 2791 1721 2873 in

571 2913 913 3024 parallelepiped0‚
948 2910 1020 2997 ubi
1049 2909 1244 3020 spedlator
1276 2909 1494 3019 transpicit,
1527 2916 1736 3022 quemad·-

572 3042 741 3137 nodum
755 3036 976 3151 inspicienti
991 3036 1189 3127 schemata
1202 3035 1469 3125 manifestum.

627 3296 706 3372 Ετ
744 3318 794 3373 ex
827 3290 902 3381 hac
924 3283 1142 3376 effesluum
1175 3285 1401 3372 diverfitate
1436 3289 1742 3392 plraenomenon.

573 3411 847 3518 componitur,
873 3436 959 3516 quo
973 3411 1161 3495 colorum
1184 3409 1233 3490 ad
1260 3408 1428 3491 diversas
1446 3408 1643 3494 distantias
1660 3417 1726 3500 di.

576 3531 677 3621 versr
735 3529 831 3617 fiant
876 3529 1049 3617 ordines.
1113 3535 1270 3641 Utpote
1313 3556 1382 3639 per
1425 3558 1495 3615 vas
1546 3557 1725 3642 aqueum

578 3660 723 3757 ΑΒΕ
743 3665 783 3745 D
810 3654 901 3770 (fig.
918 3658 1003 3769 53.)
1030 3658 1071 3743 in
1089 3657 1199 3765 culus
1219 3652 1347 3741 fundo
1365 3657 1449 3743 YZ
1475 3657 1592 3751 refert
1613 3661 1736 3750 lami.

579 3814 672 3876 nam
689 3785 873 3896 vitream,
906 3813 1030 3901 quarn
1055 3785 1098 3871 in
1124 3782 1394 3893 superioribus
1416 3785 1623 3873 horizonti
1658 3816 1738 3898 pa·-

581 3913 751 4005 rallelam
769 3906 844 3999 elle
870 3911 1067 4025 supposui,
1096 3909 1230 4017 jubare
1245 3908 1411 4020 trajeslo
1433 3911 1460 3995 sa
1486 3940 1553 3996 vas
1567 3913 1616 3995 ad
1637 3940 1738 4022 par..

582 4066 656 4139 tes,
672 4041 793 4138 solem
821 4037 954 4131 versus
984 4039 1177 4148 elevetur,
1220 4060 1266 4127 ut
1297 4034 1469 4129 fundum
1492 4041 1573 4149 ejus
1597 4039 1743 4244 malglis.

1623 4188 1650 4245 o
1691 4191 1742 4247 r·.
