<?xml version="1.0" encoding="UTF-8"?>
<!DOCTYPE html PUBLIC "-//W3C//DTD XHTML 1.0 Transitional//EN"
    "http://www.w3.org/TR/xhtml1/DTD/xhtml1-transitional.dtd">
<html xmlns="http://www.w3.org/1999/xhtml" xml:lang="en" lang="en">
 <head>
  <title>
</title>
<meta http-equiv="Content-Type" content="text/html;charset=utf-8" />
  <meta name='ocr-system' content='tesseract 3.04.00' />
  <meta name='ocr-capabilities' content='ocr_page ocr_carea ocr_par ocr_line ocrx_word'/>
</head>
<body>
  <div class='ocr_page' id='page_1' title='image "./isaacinewtonieq01newtgoog_0280.png"; bbox 0 0 4078 5250; ppageno 0'>
   <div class='ocr_carea' id='block_1_1' title="bbox 328 383 1493 545">
    <p class='ocr_par' dir='ltr' id='par_1_1' title="bbox 328 383 1493 545">
     <span class='ocr_line' id='line_1_1' title="bbox 328 383 1493 545; baseline -0.005 -33"><span class='ocrx_word' id='word_1_1' title='bbox 328 406 530 531; x_wconf 57' lang='lat' dir='ltr'>Semi,</span> <span class='ocrx_word' id='word_1_2' title='bbox 623 383 1314 503; x_wconf 71' lang='lat' dir='ltr'>Lucr&#39;sCon&#39;onruue.</span> <span class='ocrx_word' id='word_1_3' title='bbox 1387 415 1493 545; x_wconf 78' lang='lat'>203</span> 
     </span>
    </p>
   </div>
   <div class='ocr_carea' id='block_1_2' title="bbox 328 614 1492 742">
    <p class='ocr_par' dir='ltr' id='par_1_2' title="bbox 328 614 1492 742">
     <span class='ocr_line' id='line_1_2' title="bbox 328 614 1492 742; baseline -0.018 -26"><span class='ocrx_word' id='word_1_4' title='bbox 328 626 489 742; x_wconf 74' lang='lat' dir='ltr'>&#39;prastat</span> <span class='ocrx_word' id='word_1_5' title='bbox 523 617 716 709; x_wconf 80' lang='lat' dir='ltr'>adhibere</span> <span class='ocrx_word' id='word_1_6' title='bbox 746 614 889 726; x_wconf 88' lang='lat' dir='ltr'>prisma</span> <span class='ocrx_word' id='word_1_7' title='bbox 924 644 974 702; x_wconf 84' lang='lat' dir='ltr'>err</span> <span class='ocrx_word' id='word_1_8' title='bbox 1008 614 1165 703; x_wconf 83' lang='lat' dir='ltr'>laminis</span> <span class='ocrx_word' id='word_1_9' title='bbox 1187 616 1328 705; x_wconf 84' lang='lat' dir='ltr'>vitreis</span> <span class='ocrx_word' id='word_1_10' title='bbox 1356 623 1492 713; x_wconf 84' lang='lat' dir='ltr'>tenui.</span> 
     </span>
    </p>
   </div>
   <div class='ocr_carea' id='block_1_3' title="bbox 328 740 1490 978">
    <p class='ocr_par' dir='ltr' id='par_1_3' title="bbox 328 740 1490 978">
     <span class='ocr_line' id='line_1_3' title="bbox 330 740 1490 949; baseline -0.003 -107"><span class='ocrx_word' id='word_1_11' title='bbox 330 758 414 949; x_wconf 83' lang='lat' dir='ltr'>bus¹</span> <span class='ocrx_word' id='word_1_12' title='bbox 435 744 711 860; x_wconf 83' lang='lat' dir='ltr'>&amp;perpolitis</span> <span class='ocrx_word' id='word_1_13' title='bbox 743 740 988 855; x_wconf 70' lang='lat' dir='ltr'>confeb’num,</span> <span class='ocrx_word' id='word_1_14' title='bbox 1029 747 1196 860; x_wconf 77' lang='lat' dir='ltr'>&amp;aqud</span> <span class='ocrx_word' id='word_1_15' title='bbox 1220 744 1490 857; x_wconf 78' lang='lat' dir='ltr'>limpidiffrmd</span> 
     </span>
     <span class='ocr_line' id='line_1_4' title="bbox 328 883 542 978; baseline -0.037 -28"><span class='ocrx_word' id='word_1_16' title='bbox 328 893 400 978; x_wconf 86' lang='lat' dir='ltr'>rep</span> <span class='ocrx_word' id='word_1_17' title='bbox 416 883 542 949; x_wconf 86' lang='lat' dir='ltr'>etum.</span> 
     </span>
    </p>
   </div>
   <div class='ocr_carea' id='block_1_4' title="bbox 129 1104 1486 1228">
    <p class='ocr_par' dir='ltr' id='par_1_4' title="bbox 129 1104 1486 1228">
     <span class='ocr_line' id='line_1_5' title="bbox 129 1104 1486 1228; baseline 0.001 -21"><span class='ocrx_word' id='word_1_18' title='bbox 129 1104 135 1105; x_wconf 7' lang='grc' dir='ltr'><em>ἦ</em></span> <span class='ocrx_word' id='word_1_19' title='bbox 245 1215 246 1219; x_wconf 8' lang='grc' dir='ltr'><strong><em>Ν</em></strong></span> <span class='ocrx_word' id='word_1_20' title='bbox 381 1114 630 1217; x_wconf 70' lang='lat' dir='ltr'>stennon}</span> <span class='ocrx_word' id='word_1_21' title='bbox 667 1109 762 1200; x_wconf 89' lang='lat' dir='ltr'>licet</span> <span class='ocrx_word' id='word_1_22' title='bbox 788 1112 963 1203; x_wconf 87' lang='lat' dir='ltr'>mutatio</span> <span class='ocrx_word' id='word_1_23' title='bbox 990 1110 1098 1204; x_wconf 72' lang='lat' dir='ltr'>diua</span> <span class='ocrx_word' id='word_1_24' title='bbox 1123 1114 1170 1201; x_wconf 93' lang='lat' dir='ltr'>srt</span> <span class='ocrx_word' id='word_1_25' title='bbox 1187 1141 1323 1228; x_wconf 89' lang='lat' dir='ltr'>parva,</span> <span class='ocrx_word' id='word_1_26' title='bbox 1350 1137 1486 1209; x_wconf 87' lang='lat' dir='ltr'>tamen</span> 
     </span>
    </p>
   </div>
   <div class='ocr_carea' id='block_1_5' title="bbox 312 1242 1547 2244">
    <p class='ocr_par' dir='ltr' id='par_1_5' title="bbox 312 1242 1547 2244">
     <span class='ocr_line' id='line_1_6' title="bbox 322 1242 1485 1356; baseline -0.003 -20"><span class='ocrx_word' id='word_1_27' title='bbox 322 1249 419 1336; x_wconf 82' lang='lat' dir='ltr'>satis</span> <span class='ocrx_word' id='word_1_28' title='bbox 443 1248 500 1335; x_wconf 86' lang='lat' dir='ltr'>est</span> <span class='ocrx_word' id='word_1_29' title='bbox 527 1248 577 1333; x_wconf 89' lang='lat' dir='ltr'>ad</span> <span class='ocrx_word' id='word_1_30' title='bbox 612 1242 915 1353; x_wconf 85' lang='lat' dir='ltr'>ostendendum,</span> <span class='ocrx_word' id='word_1_31' title='bbox 941 1246 1054 1356; x_wconf 90' lang='lat' dir='ltr'>quod</span> <span class='ocrx_word' id='word_1_32' title='bbox 1078 1246 1178 1332; x_wconf 87' lang='lat' dir='ltr'>radii</span> <span class='ocrx_word' id='word_1_33' title='bbox 1204 1247 1377 1334; x_wconf 84' lang='lat' dir='ltr'>retinent</span> <span class='ocrx_word' id='word_1_34' title='bbox 1401 1244 1485 1335; x_wconf 85' lang='lat' dir='ltr'>eof·</span> 
     </span>
     <span class='ocr_line' id='line_1_7' title="bbox 323 1365 1547 1484; baseline -0.004 -20"><span class='ocrx_word' id='word_1_35' title='bbox 323 1380 417 1465; x_wconf 91' lang='lat' dir='ltr'>dem</span> <span class='ocrx_word' id='word_1_36' title='bbox 445 1371 601 1462; x_wconf 86' lang='lat' dir='ltr'>colores</span> <span class='ocrx_word' id='word_1_37' title='bbox 620 1397 715 1458; x_wconf 84' lang='lat' dir='ltr'>cunr</span> <span class='ocrx_word' id='word_1_38' title='bbox 733 1365 1008 1480; x_wconf 74' lang='lat' dir='ltr'>reflettuntur,</span> <span class='ocrx_word' id='word_1_39' title='bbox 1034 1399 1138 1484; x_wconf 89' lang='lat' dir='ltr'>quos</span> <span class='ocrx_word' id='word_1_40' title='bbox 1155 1372 1359 1483; x_wconf 82' lang='lat' dir='ltr'>exhibent,</span> <span class='ocrx_word' id='word_1_41' title='bbox 1386 1400 1483 1463; x_wconf 89' lang='lat' dir='ltr'>curn</span> <span class='ocrx_word' id='word_1_42' title='bbox 1542 1380 1547 1388; x_wconf 79' lang='grc'><em>“</em></span> 
     </span>
     <span class='ocr_line' id='line_1_8' title="bbox 324 1496 1483 1613; baseline -0.003 -26"><span class='ocrx_word' id='word_1_43' title='bbox 324 1501 578 1612; x_wconf 88' lang='lat' dir='ltr'>trajiciuntur</span> <span class='ocrx_word' id='word_1_44' title='bbox 595 1524 666 1609; x_wconf 90' lang='lat' dir='ltr'>per</span> <span class='ocrx_word' id='word_1_45' title='bbox 687 1496 934 1606; x_wconf 88' lang='lat' dir='ltr'>superficiem</span> <span class='ocrx_word' id='word_1_46' title='bbox 961 1500 1073 1605; x_wconf 89' lang='lat' dir='ltr'>BC;</span> <span class='ocrx_word' id='word_1_47' title='bbox 1096 1498 1292 1613; x_wconf 75' lang='lat' dir='ltr'>siquidem</span> <span class='ocrx_word' id='word_1_48' title='bbox 1315 1502 1483 1612; x_wconf 86' lang='lat' dir='ltr'>tingunt</span> 
     </span>
     <span class='ocr_line' id='line_1_9' title="bbox 321 1622 1483 1737; baseline -0.003 -22"><span class='ocrx_word' id='word_1_49' title='bbox 321 1626 545 1715; x_wconf 86' lang='lat' dir='ltr'><strong>albedinem</strong></span> <span class='ocrx_word' id='word_1_50' title='bbox 570 1629 604 1710; x_wconf 90' lang='lat' dir='ltr'>P</span> <span class='ocrx_word' id='word_1_51' title='bbox 626 1622 764 1708; x_wconf 87' lang='lat' dir='ltr'>colore</span> <span class='ocrx_word' id='word_1_52' title='bbox 780 1622 866 1730; x_wconf 87' lang='lat' dir='ltr'>suo,</span> <span class='ocrx_word' id='word_1_53' title='bbox 892 1644 1089 1737; x_wconf 88' lang='lat' dir='ltr'>quantum</span> <span class='ocrx_word' id='word_1_54' title='bbox 1109 1625 1227 1712; x_wconf 89' lang='lat' dir='ltr'>liceat</span> <span class='ocrx_word' id='word_1_55' title='bbox 1247 1645 1332 1712; x_wconf 90' lang='lat' dir='ltr'>tam</span> <span class='ocrx_word' id='word_1_56' title='bbox 1348 1625 1483 1735; x_wconf 80' lang='lat' dir='ltr'>parvis</span> 
     </span>
     <span class='ocr_line' id='line_1_10' title="bbox 317 1746 1481 1865; baseline -0.006 -25"><span class='ocrx_word' id='word_1_57' title='bbox 317 1754 476 1865; x_wconf 85' lang='lat' dir='ltr'>tingere</span> <span class='ocrx_word' id='word_1_58' title='bbox 508 1746 692 1836; x_wconf 85' lang='lat' dir='ltr'>colores:</span> <span class='ocrx_word' id='word_1_59' title='bbox 719 1746 857 1861; x_wconf 87' lang='lat' dir='ltr'>itaque</span> <span class='ocrx_word' id='word_1_60' title='bbox 881 1749 970 1835; x_wconf 84' lang='lat' dir='ltr'>suos</span> <span class='ocrx_word' id='word_1_61' title='bbox 985 1748 1163 1838; x_wconf 75' lang='lat' dir='ltr'>babudre</span> <span class='ocrx_word' id='word_1_62' title='bbox 1186 1750 1311 1861; x_wconf 84' lang='lat' dir='ltr'>prius,</span> <span class='ocrx_word' id='word_1_63' title='bbox 1342 1751 1481 1843; x_wconf 84' lang='lat' dir='ltr'>&amp;eol-</span> 
     </span>
     <span class='ocr_line' id='line_1_11' title="bbox 317 1869 1479 1989; baseline -0.004 -22"><span class='ocrx_word' id='word_1_64' title='bbox 317 1882 411 1966; x_wconf 85' lang='lat' dir='ltr'>dem</span> <span class='ocrx_word' id='word_1_65' title='bbox 422 1876 609 1980; x_wconf 87' lang='lat' dir='ltr'>retinent,</span> <span class='ocrx_word' id='word_1_66' title='bbox 626 1869 706 1961; x_wconf 82' lang='lat' dir='ltr'>five</span> <span class='ocrx_word' id='word_1_67' title='bbox 730 1871 1010 1986; x_wconf 83' lang='lat' dir='ltr'>refringantur,</span> <span class='ocrx_word' id='word_1_68' title='bbox 1030 1878 1110 1963; x_wconf 87' lang='lat' dir='ltr'>srve</span> <span class='ocrx_word' id='word_1_69' title='bbox 1134 1874 1403 1989; x_wconf 60' lang='lat' dir='ltr'>radebantur,</span> <span class='ocrx_word' id='word_1_70' title='bbox 1431 1876 1479 1963; x_wconf 92' lang='lat' dir='ltr'>li·</span> 
     </span>
     <span class='ocr_line' id='line_1_12' title="bbox 319 2000 1476 2114; baseline 0 -20"><span class='ocrx_word' id='word_1_71' title='bbox 319 2027 384 2094; x_wconf 86' lang='lat' dir='ltr'>cet</span> <span class='ocrx_word' id='word_1_72' title='bbox 402 2007 446 2092; x_wconf 93' lang='lat' dir='ltr'>in</span> <span class='ocrx_word' id='word_1_73' title='bbox 462 2000 647 2089; x_wconf 87' lang='lat' dir='ltr'>mixturis</span> <span class='ocrx_word' id='word_1_74' title='bbox 661 2003 899 2114; x_wconf 84' lang='lat' dir='ltr'>plerumque</span> <span class='ocrx_word' id='word_1_75' title='bbox 914 2003 1028 2091; x_wconf 89' lang='lat' dir='ltr'>celati</span> <span class='ocrx_word' id='word_1_76' title='bbox 1050 2005 1222 2110; x_wconf 90' lang='lat' dir='ltr'>lateant;</span> <span class='ocrx_word' id='word_1_77' title='bbox 1237 2007 1369 2093; x_wconf 87' lang='lat' dir='ltr'>donec</span> <span class='ocrx_word' id='word_1_78' title='bbox 1383 2034 1476 2094; x_wconf 82' lang='lat' dir='ltr'>eru·</span> 
     </span>
     <span class='ocr_line' id='line_1_13' title="bbox 312 2128 1306 2244; baseline -0.005 -25"><span class='ocrx_word' id='word_1_79' title='bbox 312 2152 434 2221; x_wconf 89' lang='lat' dir='ltr'>antur</span> <span class='ocrx_word' id='word_1_80' title='bbox 461 2128 562 2244; x_wconf 92' lang='lat' dir='ltr'>(non</span> <span class='ocrx_word' id='word_1_81' title='bbox 578 2148 714 2218; x_wconf 87' lang='lat' dir='ltr'>autem</span> <span class='ocrx_word' id='word_1_82' title='bbox 733 2128 861 2238; x_wconf 85' lang='lat' dir='ltr'>fiunt)</span> <span class='ocrx_word' id='word_1_83' title='bbox 887 2132 1040 2220; x_wconf 88' lang='lat' dir='ltr'>virtute</span> <span class='ocrx_word' id='word_1_84' title='bbox 1056 2129 1306 2243; x_wconf 87' lang='lat' dir='ltr'>prismatum.</span> 
     </span>
    </p>
   </div>
   <div class='ocr_carea' id='block_1_6' title="bbox 305 2382 1477 3377">
    <p class='ocr_par' dir='ltr' id='par_1_6' title="bbox 305 2382 1477 3377">
     <span class='ocr_line' id='line_1_14' title="bbox 367 2382 1477 2492; baseline 0.001 -19"><span class='ocrx_word' id='word_1_85' title='bbox 367 2386 577 2490; x_wconf 75' lang='lat' dir='ltr'>Tnario,</span> <span class='ocrx_word' id='word_1_86' title='bbox 603 2412 654 2468; x_wconf 85' lang='lat' dir='ltr'>ex</span> <span class='ocrx_word' id='word_1_87' title='bbox 678 2382 780 2487; x_wconf 87' lang='lat' dir='ltr'>luce,</span> <span class='ocrx_word' id='word_1_88' title='bbox 806 2386 857 2469; x_wconf 82' lang='lat' dir='ltr'>ad</span> <span class='ocrx_word' id='word_1_89' title='bbox 883 2390 1062 2492; x_wconf 85' lang='lat' dir='ltr'>priorem</span> <span class='ocrx_word' id='word_1_90' title='bbox 1085 2384 1255 2491; x_wconf 87' lang='lat' dir='ltr'>speciem</span> <span class='ocrx_word' id='word_1_91' title='bbox 1281 2383 1477 2474; x_wconf 79' lang='lat' dir='ltr'>albedinis</span> 
     </span>
     <span class='ocr_line' id='line_1_15' title="bbox 311 2505 1476 2624; baseline 0.007 -31"><span class='ocrx_word' id='word_1_92' title='bbox 311 2536 384 2624; x_wconf 78' lang='lat' dir='ltr'>per</span> <span class='ocrx_word' id='word_1_93' title='bbox 415 2506 673 2595; x_wconf 81' lang='lat' dir='ltr'>reflexionem</span> <span class='ocrx_word' id='word_1_94' title='bbox 708 2510 892 2592; x_wconf 91' lang='lat' dir='ltr'>omnium</span> <span class='ocrx_word' id='word_1_95' title='bbox 922 2508 1109 2593; x_wconf 89' lang='lat' dir='ltr'>colorum</span> <span class='ocrx_word' id='word_1_96' title='bbox 1140 2514 1169 2590; x_wconf 73' lang='lat' dir='ltr'>b</span> <span class='ocrx_word' id='word_1_97' title='bbox 1202 2505 1245 2597; x_wconf 87' lang='lat' dir='ltr'>T.</span> <span class='ocrx_word' id='word_1_98' title='bbox 1277 2507 1476 2622; x_wconf 67' lang='lat' dir='ltr'>restituta,</span> 
     </span>
     <span class='ocr_line' id='line_1_16' title="bbox 314 2629 1477 2746; baseline 0.002 -30"><span class='ocrx_word' id='word_1_99' title='bbox 314 2634 417 2746; x_wconf 89' lang='lat' dir='ltr'>quid</span> <span class='ocrx_word' id='word_1_100' title='bbox 446 2632 555 2715; x_wconf 89' lang='lat' dir='ltr'>aliud</span> <span class='ocrx_word' id='word_1_101' title='bbox 577 2633 810 2732; x_wconf 86' lang='lat' dir='ltr'>denotatur,</span> <span class='ocrx_word' id='word_1_102' title='bbox 856 2656 979 2736; x_wconf 90' lang='lat' dir='ltr'>quam</span> <span class='ocrx_word' id='word_1_103' title='bbox 1002 2629 1231 2714; x_wconf 86' lang='lat' dir='ltr'>albedinem</span> <span class='ocrx_word' id='word_1_104' title='bbox 1261 2630 1377 2718; x_wconf 89' lang='lat' dir='ltr'>istam</span> <span class='ocrx_word' id='word_1_105' title='bbox 1402 2663 1477 2744; x_wconf 85' lang='lat' dir='ltr'>per</span> 
     </span>
     <span class='ocr_line' id='line_1_17' title="bbox 312 2748 1475 2864; baseline 0.003 -22"><span class='ocrx_word' id='word_1_106' title='bbox 312 2753 520 2843; x_wconf 88' lang='lat' dir='ltr'>misturam</span> <span class='ocrx_word' id='word_1_107' title='bbox 529 2751 714 2837; x_wconf 86' lang='lat' dir='ltr'>omnium</span> <span class='ocrx_word' id='word_1_108' title='bbox 730 2751 913 2837; x_wconf 89' lang='lat' dir='ltr'>colorum</span> <span class='ocrx_word' id='word_1_109' title='bbox 928 2751 1138 2859; x_wconf 89' lang='lat' dir='ltr'>reproduci</span> <span class='ocrx_word' id='word_1_110' title='bbox 1154 2748 1172 2834; x_wconf 90' lang='lat'>?</span> <span class='ocrx_word' id='word_1_111' title='bbox 1200 2752 1372 2864; x_wconf 87' lang='lat' dir='ltr'>Scilicet,</span> <span class='ocrx_word' id='word_1_112' title='bbox 1380 2784 1475 2847; x_wconf 89' lang='lat' dir='ltr'>cum</span> 
     </span>
     <span class='ocr_line' id='line_1_18' title="bbox 314 2879 1474 2975; baseline 0.001 -1"><span class='ocrx_word' id='word_1_113' title='bbox 314 2886 440 2973; x_wconf 89' lang='lat' dir='ltr'>rubor</span> <span class='ocrx_word' id='word_1_114' title='bbox 457 2881 605 2967; x_wconf 89' lang='lat' dir='ltr'>ultimo</span> <span class='ocrx_word' id='word_1_115' title='bbox 627 2879 796 2967; x_wconf 78' lang='lat' dir='ltr'>reflexus</span> <span class='ocrx_word' id='word_1_116' title='bbox 829 2879 1065 2965; x_wconf 86' lang='lat' dir='ltr'>admiscetur</span> <span class='ocrx_word' id='word_1_117' title='bbox 1093 2880 1244 2967; x_wconf 77' lang='lat' dir='ltr'>caeteris</span> <span class='ocrx_word' id='word_1_118' title='bbox 1267 2881 1474 2975; x_wconf 79' lang='lat' dir='ltr'>coloribus</span> 
     </span>
     <span class='ocr_line' id='line_1_19' title="bbox 311 3007 1472 3126; baseline -0.002 -23"><span class='ocrx_word' id='word_1_119' title='bbox 311 3039 430 3103; x_wconf 82' lang='lat' dir='ltr'>antea</span> <span class='ocrx_word' id='word_1_120' title='bbox 445 3009 615 3117; x_wconf 83' lang='lat' dir='ltr'>reflexis,</span> <span class='ocrx_word' id='word_1_121' title='bbox 628 3008 871 3096; x_wconf 86' lang='lat' dir='ltr'>reflexorum</span> <span class='ocrx_word' id='word_1_122' title='bbox 888 3011 1074 3098; x_wconf 89' lang='lat' dir='ltr'>colorum</span> <span class='ocrx_word' id='word_1_123' title='bbox 1092 3007 1255 3096; x_wconf 90' lang='lat' dir='ltr'>mistura</span> <span class='ocrx_word' id='word_1_124' title='bbox 1268 3033 1364 3101; x_wconf 91' lang='lat' dir='ltr'>tunc</span> <span class='ocrx_word' id='word_1_125' title='bbox 1379 3043 1472 3126; x_wconf 86' lang='lat' dir='ltr'>per·</span> 
     </span>
     <span class='ocr_line' id='line_1_20' title="bbox 311 3138 1470 3255; baseline 0.003 -26"><span class='ocrx_word' id='word_1_126' title='bbox 311 3144 414 3236; x_wconf 70' lang='lat' dir='ltr'>felia</span> <span class='ocrx_word' id='word_1_127' title='bbox 437 3141 494 3227; x_wconf 87' lang='lat' dir='ltr'>est</span> <span class='ocrx_word' id='word_1_128' title='bbox 520 3142 569 3227; x_wconf 84' lang='lat' dir='ltr'>ad</span> <span class='ocrx_word' id='word_1_129' title='bbox 582 3138 807 3226; x_wconf 86' lang='lat' dir='ltr'>albedinem</span> <span class='ocrx_word' id='word_1_130' title='bbox 821 3141 1156 3250; x_wconf 85' lang='lat' dir='ltr'>componendam,</span> <span class='ocrx_word' id='word_1_131' title='bbox 1183 3166 1271 3253; x_wconf 86' lang='lat' dir='ltr'>quae</span> <span class='ocrx_word' id='word_1_132' title='bbox 1291 3140 1470 3255; x_wconf 89' lang='lat' dir='ltr'>superad-</span> 
     </span>
     <span class='ocr_line' id='line_1_21' title="bbox 305 3265 1068 3377; baseline -0.013 -18"><span class='ocrx_word' id='word_1_133' title='bbox 305 3273 421 3359; x_wconf 88' lang='lat' dir='ltr'>ditur</span> <span class='ocrx_word' id='word_1_134' title='bbox 447 3265 620 3352; x_wconf 87' lang='lat' dir='ltr'>albedini</span> <span class='ocrx_word' id='word_1_135' title='bbox 638 3266 749 3377; x_wconf 89' lang='lat' dir='ltr'>prius</span> <span class='ocrx_word' id='word_1_136' title='bbox 767 3268 951 3354; x_wconf 82' lang='lat' dir='ltr'>existenti</span> <span class='ocrx_word' id='word_1_137' title='bbox 965 3267 1012 3352; x_wconf 72' lang='lat' dir='ltr'>in·</span> <span class='ocrx_word' id='word_1_138' title='bbox 1023 3269 1068 3351; x_wconf 87' lang='lat' dir='ltr'>P.</span> 
     </span>
    </p>
   </div>
   <div class='ocr_carea' id='block_1_7' title="bbox 308 3521 1467 4269">
    <p class='ocr_par' dir='ltr' id='par_1_7' title="bbox 308 3521 1467 4269">
     <span class='ocr_line' id='line_1_22' title="bbox 364 3521 1467 3637; baseline -0.003 -24"><span class='ocrx_word' id='word_1_139' title='bbox 364 3527 592 3633; x_wconf 73' lang='lat' dir='ltr'>Quanro,</span> <span class='ocrx_word' id='word_1_140' title='bbox 603 3550 654 3608; x_wconf 88' lang='lat' dir='ltr'>ne</span> <span class='ocrx_word' id='word_1_141' title='bbox 673 3543 754 3634; x_wconf 89' lang='lat' dir='ltr'>qua</span> <span class='ocrx_word' id='word_1_142' title='bbox 770 3522 924 3608; x_wconf 89' lang='lat' dir='ltr'>oriatur</span> <span class='ocrx_word' id='word_1_143' title='bbox 941 3521 1118 3633; x_wconf 80' lang='lat' dir='ltr'>sulpicia,</span> <span class='ocrx_word' id='word_1_144' title='bbox 1133 3525 1246 3637; x_wconf 91' lang='lat' dir='ltr'>quod</span> <span class='ocrx_word' id='word_1_145' title='bbox 1263 3524 1467 3616; x_wconf 71' lang='lat' dir='ltr'>refraffio·</span> 
     </span>
     <span class='ocr_line' id='line_1_23' title="bbox 308 3649 1467 3761; baseline -0.003 -21"><span class='ocrx_word' id='word_1_146' title='bbox 308 3681 378 3740; x_wconf 85' lang='lat' dir='ltr'>nes</span> <span class='ocrx_word' id='word_1_147' title='bbox 392 3651 433 3736; x_wconf 94' lang='lat' dir='ltr'>in</span> <span class='ocrx_word' id='word_1_148' title='bbox 449 3649 727 3761; x_wconf 81' lang='lat' dir='ltr'>superficiebus</span> <span class='ocrx_word' id='word_1_149' title='bbox 747 3653 837 3736; x_wconf 86' lang='lat' dir='ltr'>AC</span> <span class='ocrx_word' id='word_1_150' title='bbox 852 3652 890 3739; x_wconf 78' lang='grc'>8(</span> <span class='ocrx_word' id='word_1_151' title='bbox 907 3654 944 3736; x_wconf 87' lang='grc' dir='ltr'><strong><em>Α</em></strong></span> <span class='ocrx_word' id='word_1_152' title='bbox 961 3653 1010 3756; x_wconf 86' lang='grc' dir='ltr'>Β,</span> <span class='ocrx_word' id='word_1_153' title='bbox 1037 3652 1086 3736; x_wconf 90' lang='lat' dir='ltr'>ad</span> <span class='ocrx_word' id='word_1_154' title='bbox 1103 3649 1318 3761; x_wconf 87' lang='lat' dir='ltr'>ingrellum</span> <span class='ocrx_word' id='word_1_155' title='bbox 1334 3654 1467 3738; x_wconf 81' lang='lat' dir='ltr'>radio·</span> 
     </span>
     <span class='ocr_line' id='line_1_24' title="bbox 312 3772 1467 3888; baseline 0.003 -30"><span class='ocrx_word' id='word_1_156' title='bbox 312 3802 405 3859; x_wconf 90' lang='lat' dir='ltr'>rum</span> <span class='ocrx_word' id='word_1_157' title='bbox 432 3779 474 3859; x_wconf 94' lang='lat' dir='ltr'>in</span> <span class='ocrx_word' id='word_1_158' title='bbox 500 3776 640 3885; x_wconf 85' lang='lat' dir='ltr'>prisma</span> <span class='ocrx_word' id='word_1_159' title='bbox 676 3776 717 3865; x_wconf 70' lang='lat'>8&lt;</span> <span class='ocrx_word' id='word_1_160' title='bbox 750 3772 943 3888; x_wconf 86' lang='lat' dir='ltr'>egrellum</span> <span class='ocrx_word' id='word_1_161' title='bbox 976 3775 1100 3881; x_wconf 72' lang='lat' dir='ltr'>fadae,</span> <span class='ocrx_word' id='word_1_162' title='bbox 1142 3776 1289 3884; x_wconf 84' lang='lat' dir='ltr'>pollrnt</span> <span class='ocrx_word' id='word_1_163' title='bbox 1313 3774 1467 3888; x_wconf 88' lang='lat' dir='ltr'>aliquid</span> 
     </span>
     <span class='ocr_line' id='line_1_25' title="bbox 312 3899 1466 4016; baseline -0.002 -28"><span class='ocrx_word' id='word_1_164' title='bbox 312 3903 534 3989; x_wconf 85' lang='lat' dir='ltr'>conducere</span> <span class='ocrx_word' id='word_1_165' title='bbox 550 3904 599 3983; x_wconf 90' lang='lat' dir='ltr'>ad</span> <span class='ocrx_word' id='word_1_166' title='bbox 618 3899 780 3989; x_wconf 70' lang='lat' dir='ltr'>effeetus</span> <span class='ocrx_word' id='word_1_167' title='bbox 798 3903 913 3991; x_wconf 86' lang='lat' dir='ltr'>hosce</span> <span class='ocrx_word' id='word_1_168' title='bbox 929 3904 1220 4016; x_wconf 89' lang='lat' dir='ltr'>producendos,</span> <span class='ocrx_word' id='word_1_169' title='bbox 1259 3905 1466 3991; x_wconf 83' lang='lat' dir='ltr'>observare</span> 
     </span>
     <span class='ocr_line' id='line_1_26' title="bbox 311 4020 1463 4143; baseline -0.006 -25"><span class='ocrx_word' id='word_1_170' title='bbox 311 4033 420 4139; x_wconf 81' lang='lat' dir='ltr'>licet,</span> <span class='ocrx_word' id='word_1_171' title='bbox 436 4029 548 4138; x_wconf 89' lang='lat' dir='ltr'>quod</span> <span class='ocrx_word' id='word_1_172' title='bbox 566 4020 729 4112; x_wconf 71' lang='lat' dir='ltr'>effebtus</span> <span class='ocrx_word' id='word_1_173' title='bbox 744 4031 866 4116; x_wconf 90' lang='lat' dir='ltr'>iidem</span> <span class='ocrx_word' id='word_1_174' title='bbox 890 4034 1182 4143; x_wconf 86' lang='lat' dir='ltr'>producuntur,</span> <span class='ocrx_word' id='word_1_175' title='bbox 1197 4034 1463 4141; x_wconf 82' lang='lat' dir='ltr'>cujuscunque</span> 
     </span>
     <span class='ocr_line' id='line_1_27' title="bbox 310 4156 1465 4269; baseline -0.005 -23"><span class='ocrx_word' id='word_1_176' title='bbox 310 4161 404 4248; x_wconf 88' lang='lat' dir='ltr'>licet</span> <span class='ocrx_word' id='word_1_177' title='bbox 420 4156 709 4267; x_wconf 84' lang='lat' dir='ltr'>magnitudinis</span> <span class='ocrx_word' id='word_1_178' title='bbox 727 4156 920 4246; x_wconf 86' lang='lat' dir='ltr'>statuatur</span> <span class='ocrx_word' id='word_1_179' title='bbox 934 4159 1105 4269; x_wconf 84' lang='lat' dir='ltr'>angulus</span> <span class='ocrx_word' id='word_1_180' title='bbox 1118 4168 1156 4247; x_wconf 87' lang='lat' dir='ltr'><strong>A</strong></span> <span class='ocrx_word' id='word_1_181' title='bbox 1172 4161 1270 4266; x_wconf 84' lang='lat' dir='ltr'>BC,</span> <span class='ocrx_word' id='word_1_182' title='bbox 1299 4160 1326 4242; x_wconf 91' lang='lat' dir='ltr'>sr</span> <span class='ocrx_word' id='word_1_183' title='bbox 1342 4180 1465 4264; x_wconf 87' lang='lat' dir='ltr'>pona·</span> 
     </span>
    </p>
   </div>
   <div class='ocr_carea' id='block_1_8' title="bbox 304 4278 1464 4499">
    <p class='ocr_par' dir='ltr' id='par_1_8' title="bbox 304 4278 1464 4499">
     <span class='ocr_line' id='line_1_28' title="bbox 304 4278 1464 4499; baseline -0.013 -122"><span class='ocrx_word' id='word_1_184' title='bbox 304 4312 373 4377; x_wconf 87' lang='lat' dir='ltr'>tur</span> <span class='ocrx_word' id='word_1_185' title='bbox 390 4284 564 4399; x_wconf 84' lang='lat' dir='ltr'>ejusdem</span> <span class='ocrx_word' id='word_1_186' title='bbox 582 4278 655 4371; x_wconf 84' lang='lat' dir='ltr'>elle</span> <span class='ocrx_word' id='word_1_187' title='bbox 674 4284 963 4499; x_wconf 46' lang='lat' dir='ltr'>magnitssdigris</span> <span class='ocrx_word' id='word_1_188' title='bbox 974 4308 1096 4396; x_wconf 87' lang='lat' dir='ltr'>atque</span> <span class='ocrx_word' id='word_1_189' title='bbox 1113 4282 1282 4394; x_wconf 84' lang='lat' dir='ltr'>angulus</span> <span class='ocrx_word' id='word_1_190' title='bbox 1300 4282 1391 4373; x_wconf 84' lang='lat' dir='ltr'>AC</span> <span class='ocrx_word' id='word_1_191' title='bbox 1392 4284 1464 4496; x_wconf 53' lang='lat' dir='ltr'>l{33</span> 
     </span>
     <span class='ocr_line' id='line_1_29' title="bbox 945 4436 1464 4499; baseline -0.031 14"><span class='ocrx_word' id='word_1_192' title='bbox 945 4436 966 4494; x_wconf 76' lang='lat'><em>2</em></span> <span class='ocrx_word' id='word_1_193' title='bbox 1366 4437 1389 4498; x_wconf 86' lang='lat' dir='ltr'>a</span> <span class='ocrx_word' id='word_1_194' title='bbox 1421 4437 1464 4499; x_wconf 75' lang='lat' dir='ltr'>aa</span> 
     </span>
    </p>
   </div>
   <div class='ocr_carea' id='block_1_9' title="bbox 0 0 2044 5250">
    <p class='ocr_par' dir='ltr' id='par_1_9' title="bbox 0 0 2044 5250">
     <span class='ocr_line' id='line_1_30' title="bbox 0 0 2044 5250; baseline 0 6"><span class='ocrx_word' id='word_1_195' title='bbox 0 0 2044 5250; x_wconf 95' lang='lat' dir='ltr'> </span> 
     </span>
    </p>
   </div>
  </div>
 </body>
</html>
