4028 5252
525 375 592 491 32
681 344 1077 444 Raorortuu
1113 312 1461 426 Drvrrrrsa'
1508 322 1684 444 Pani

521 567 594 655 ubi
617 558 810 673 posterius
837 550 979 667 prisma
1005 572 1089 633 non
1113 540 1302 632 statuitur
1326 538 1562 651 parallelum
1578 570 1688 639 ante.

523 689 622 777 riori
659 672 1127 792 sedTperpendicutariter
1160 661 1437 755 transversum.
1494 673 1610 762 Nam
1644 679 1689 767 in

524 819 602 905 isto
617 810 718 921 casu,
747 809 775 894 sr
796 808 972 895 anterius
990 799 1135 912 prisma
1155 794 1388 884 distraheret
1406 795 1627 911 imaginem
1644 807 1689 893 in

529 944 843 1057 longitudinem,
873 936 929 1021 ob
950 932 1070 1016 aliam
1084 948 1368 1042 quamcunque
1391 926 1546 1012 causam
1565 958 1688 1045 quam

528 1069 729 1159 diversam
762 1055 1137 1171 refrangibilitatem
1178 1049 1427 1137 diversorum
1468 1054 1694 1168 radiorum·

532 1225 633 1284 tunc
647 1191 842 1306 posterius
871 1183 1014 1296 prisma
1042 1207 1112 1293 per
1130 1174 1386 1264 transversam
1410 1174 1692 1273 refraffionem
1751 1196 1757 1208 ’

533 1325 746 1415 distrahere
780 1321 947 1435 deberet
978 1313 1086 1399 illam
1118 1307 1380 1416 oblongatam
1406 1305 1624 1419 imaginem
1647 1313 1692 1401 in

534 1456 804 1557 latitudinem,
832 1443 936 1536 &fic
954 1440 1263 1555 quadrilaterum
1289 1431 1479 1523 efficerer.
1533 1442 1610 1527 Sed
1625 1430 1693 1528 ex'·

536 1583 809 1692 perimentum
835 1569 1008 1655 tentanti
1024 1593 1086 1648 res
1104 1563 1211 1649 secus
1219 1561 1368 1666 evenit,
1402 1563 1576 1673 imagine
1594 1565 1694 1653 scili·

537 1729 603 1794 cet
635 1732 720 1785 non
750 1696 967 1783 secundum
997 1690 1252 1774 latitudinem
1285 1684 1461 1793 dilatati,
1485 1689 1694 1781 sensorum

539 1826 751 1937 obliquati
782 1845 853 1930 per
894 1815 1087 1923 majorem
1123 1809 1404 1899 refrarlionem
1434 1818 1698 1907 extremitatis

541 1952 727 2039 violacea
750 1971 875 2058 quam
913 1941 1053 2026 rubra.
1109 1940 1462 2047 Quemadmodum
1490 1945 1626 2036 videre
1643 1947 1699 2036 est

542 2080 595 2162 ad
623 2075 692 2186 fig.
721 2101 786 2156 rr.
812 2070 885 2156 ubi
917 2070 1056 2177 imago
1086 2069 1182 2153 PT
1218 2093 1288 2175 per
1320 2066 1480 2155 secundi
1505 2073 1700 2181 prismatis

544 2197 826 2286 refraellonem
844 2191 1080 2281 transfertur
1098 2193 1148 2278 ad
1156 2208 1193 2306 p
1214 2206 1247 2275 t.
1300 2198 1365 2279 Ex
1381 2193 1512 2302 dietis,
1540 2199 1702 2306 opinor,

545 2328 637 2415 satis
655 2326 849 2438 superque
865 2320 1019 2411 constat
1041 2323 1098 2432 id,
1123 2319 1237 2435 quod
1266 2318 1386 2427 initio
1412 2321 1600 2435 proposui
1632 2325 1701 2410 de·

547 2454 878 2566 monstrandum:
906 2451 1100 2565 quoniam
1115 2471 1255 2538 autem
1276 2450 1565 2557 jucunditatem
1586 2454 1705 2541 intel·

548 2583 673 2676 terrui
704 2579 963 2676 &offensum
987 2580 1209 2697 plerunque
1252 2575 1473 2669 firmiorem
1500 2581 1706 2672 harmonia

549 2740 688 2807 rerum
722 2714 901 2827 plurium
932 2701 1063 2820 affert,
1104 2739 1229 2826 quam
1261 2711 1371 2797 unici
1407 2709 1501 2795 licet
1533 2716 1708 2798 maxime

548 2843 754 2926 scientifici
772 2842 1000 2945 argumenti
1028 2840 1329 2929 testimonium
1356 2856 1439 2908 non
1467 2829 1545 2907 erit
1563 2836 1634 2913 abs
1652 2858 1710 2938 re,

552 2947 584 3029 fi
615 2948 658 3028 in
688 2943 798 3023 aliud
828 2939 1197 3048 experimentorum
1232 2956 1359 3039 genus
1397 2933 1708 3037 precedentibus

554 3063 747 3154 affinia*
760 3082 996 3171 experturos
1012 3053 1188 3143 breviter
1202 3055 1468 3143 introducam.

556 3408 744 3520 XXIV.
793 3406 1193 3561 Perstringunrur
1244 3401 1344 3518 alia
1398 3412 1711 3560 experimenta

844 3563 1191 3719 precedentibus
1213 3569 1425 3719 confinia.
1645 3608 1649 3613 ·

620 3824 677 3913 Iu
706 3824 866 3938 ligra.
901 3826 949 3912 lit
975 3827 1008 3910 F
1034 3822 1212 3911 foramen
1248 3822 1362 3910 valde
1396 3824 1603 3936 exiguum,
1645 3856 1716 3940 per

565 3955 680 4066 quod
707 3956 843 4044 lumen
870 3955 962 4043 solis
978 3954 1225 4065 trajiciatur3
1259 3953 1404 4042 deiude
1423 3956 1476 4043 ad
1490 3956 1718 4045 distantiam

567 4106 643 4190 pro
670 4079 803 4174 lubitu
834 4104 1022 4195 magnam
1052 4078 1249 4169 statuatur
1280 4080 1423 4195 prisma
1454 4081 1604 4191 ABG,
1647 4107 1722 4297 ρὲἑ

1608 4231 1666 4319 qu
