4058 5258
602 378 708 495 262
944 368 1042 475 De
1083 362 1353 478 Vanus}
1560 370 1657 484 Parss
1694 379 1757 487 ll.

602 598 758 685 nientes
780 588 882 677 radii
910 593 953 679 in
974 593 1164 681 anteriori
1182 589 1388 703 superficie
1397 589 1449 678 ad
1472 596 1516 679 H
1529 597 1587 682 ita
1608 601 1755 688 debent

602 718 849 836 inaequaliter
886 717 1064 827 refringi,
1104 739 1152 802 ut
1182 717 1231 802 ab
1265 717 1440 803 invicem
1457 719 1602 808 deinde
1628 728 1761 810 diver·

600 872 714 961 gent,
738 846 863 958 usque
891 847 989 931 dum
1024 842 1202 929 incidant
1228 844 1272 931 in
1300 845 1559 955 posteriorem
1593 848 1758 958 superfi-

600 979 703 1064 ciem
734 977 785 1060 ad
810 973 910 1080 PT,
937 977 976 1060 8(
1002 970 1155 1058 ibidem
1175 971 1332 1057 colores
1356 971 1592 1083 omnigenos
1615 977 1758 1085 depin-

601 1126 712 1215 gant,
738 1100 902 1214 perinde
920 1115 968 1183 ut
990 1097 1104 1208 supra
1120 1097 1177 1181 sat
1196 1095 1277 1181 fuse
1295 1097 1481 1207 explicui.
1536 1097 1641 1206 Jam,
1662 1128 1756 1188 cum

602 1256 767 1343 propter
795 1226 1098 1342 parallelismum
1130 1223 1425 1337 superficierum
1450 1224 1758 1335 refringentium

597 1359 703 1473 radii
734 1360 948 1443 tantuma
982 1352 1192 1462 posteriori
1223 1372 1496 1451 recurrentur,
1552 1376 1758 1462 quantum

605 1485 872 1572 incurvantur
909 1485 935 1565 'a
978 1476 1119 1589 priori,
1169 1473 1316 1565 neeeffe
1362 1477 1431 1585 est,
1480 1496 1528 1562 ut
1558 1476 1630 1565 libi
1664 1478 1756 1589 ipsis
1874 1484 1882 1499 '

602 1609 819 1696 secundum
874 1610 970 1692 ΒΗ
1012 1603 1284 1692 incidentibus
1320 1621 1523 1719 emergant
1567 1605 1756 1714 paralleli,

598 1736 783 1847 adeoque
801 1734 1003 1822 distantias
1021 1759 1068 1818 ac
1095 1734 1312 1842 positiones
1330 1733 1536 1843 acquifitas
1557 1732 1600 1817 in
1623 1732 1756 1820 infini-

598 1884 689 1945 tum
708 1862 879 1973 servent,
904 1867 945 1945 ἃ
960 1860 1117 1947 elicitos
1128 1861 1286 1949 colores
1308 1890 1360 1947 eo
1380 1861 1501 1975 usque
1519 1861 1597 1950 fine
1622 1861 1756 1971 aliqui

596 1984 822 2068 variatione
871 2007 1077 2094 promunt.
1136 1990 1493 2093 Quemadmodum
1527 1990 1555 2075 fi
1597 1994 1692 2075 PH
1733 2018 1757 2075 e

593 2100 770 2187 refractis
788 2110 842 2187 ad
869 2112 913 2190 H
937 2106 984 2184 fit
1013 2110 1339 2212 purpuriformis,
1381 2118 1423 2194 8(
1440 2116 1482 2195 Τ
1496 2116 1542 2194 H
1561 2115 1760 2197 rubrifor·

592 2229 684 2334 mis,
709 2250 855 2314 eorum
879 2227 1012 2310 denuo
1031 2222 1191 2309 refraeu·
1222 2234 1256 2311 P
1270 2248 1307 2338 p
1325 2256 1370 2314 ac
1384 2233 1425 2313 T
1442 2248 1463 2310 t
1480 2232 1758 2328 incidentibus

592 2364 691 2470 SH,
711 2358 894 2469 adeoque
912 2352 1161 2460 sibimetipsis
1177 2356 1349 2466 paralleli
1367 2382 1588 2472 emergent,
1605 2367 1645 2453 δι
1660 2395 1760 2477 [πο.Ι

597 2491 693 2579 inde
718 2512 935 2599 purpuram
963 2480 1263 2570 &rubedinem
1297 2512 1420 2599 quam
1440 2490 1490 2572 ad
1515 2491 1609 2578 Pac
1627 2497 1671 2580 T
1689 2505 1761 2585 err.v

596 2620 780 2724 bibuere,
817 2619 868 2704 ad
894 2610 1119 2728 quamlibet
1152 2613 1379 2702 distantiam
1401 2633 1474 2726 pt
1500 2620 1757 2715 immutatam

599 2744 906 2851 transferent&
926 2742 1005 2827 stne
1027 2737 1173 2850 quivis
1187 2743 1338 2854 uspiam
1355 2745 1577 2831 variatione
1603 2750 1757 2835 conser-

599 2876 773 2977 vabunt,
797 2895 1002 2982 purpureo
1028 2868 1098 2951 aP
1120 2867 1212 2977 inp
1240 2868 1442 2977 transsato,
1470 2871 1595 2957 rubeo
1612 2899 1634 2955 a
1653 2875 1756 2966 Tin

598 3016 636 3107 t,
663 2999 890 3114 ceterisque
911 2996 1047 3084 ilocis
1073 2994 1322 3088 intermediis
1347 3000 1389 3086 in
1413 2998 1503 3089 loca
1524 3001 1757 3115 corresponq

601 3131 754 3220 dentia.

653 3379 765 3463 Hoc
802 3380 991 3487 equidem
1026 3383 1181 3486 precise
1213 3384 1333 3471 debet
1363 3383 1535 3487 evenire,
1572 3383 1759 3479 limodo'

599 3501 699 3588 radii
716 3504 931 3586 secundum
957 3505 1131 3588 eundem
1159 3505 1314 3588 SF‘vel
1332 3506 1534 3613 parallelas
1559 3508 1682 3602 lineas
1710 3522 1755 3605 in

601 3628 680 3717 boc
700 3625 840 3738 prisma
863 3623 1097 3737 inciderent,
1125 3627 1319 3738 srquidem
1334 3653 1433 3715 runc
1458 3660 1667 3751 emergent
1687 3672 1758 3753 pa.

602 3755 746 3861 ralleli3
773 3777 829 3868 at,
844 3780 938 3844 cum
965 3752 1207 3843 inclinantur
1220 3757 1270 3842 ad
1291 3756 1481 3864 invicem,
1508 3765 1570 3847 uti
1592 3768 1642 3852 de
1660 3796 1755 3879 pro.

605 3883 861 3973 manantibus
877 3889 902 3969 l
919 3880 1081 3970 diversrs
1095 3881 1272 3993 partibus
1287 3881 1421 3971 solaris
1434 3885 1527 3972 disci
1541 3896 1757 4007 contingit,

604 4034 703 4111 tunc
719 4008 841 4098 etiam
857 4031 1061 4122 emergant
1087 4009 1282 4123 inclinati,
1297 4015 1336 4103 lle
1354 4042 1400 4098 ea
1413 4039 1576 4124 propter
1593 4024 1756 4108 mutati·

605 4162 706 4229 ones
738 4136 927 4254 quasdam
960 4134 1006 4231 iu
1037 4134 1223 4230 ulteriori
1258 4137 1512 4235 transsatione
1540 4147 1759 4253 patientur.

1678 4273 1763 4381 Ue
