4028 5252
557 418 625 540 30
696 391 1088 494 Rnnronunr
1124 377 1450 485 Drvnnsa
1550 386 1650 497 Par.
1685 398 1723 503 I.

555 597 626 682 lux
642 592 820 681 incidens
839 590 882 677 in
900 586 1054 677 diuum
1080 586 1117 673 Z
1134 583 1343 697 apparebit
1357 583 1544 676 distinue
1562 596 1725 691 orbicu.

556 722 662 831 laris,
691 748 776 806 non
793 717 901 807 secus
922 713 1092 828 quamsi
1114 712 1265 801 directe
1282 715 1467 802 tenderet
1483 718 1536 806 ab
1560 724 1608 835 F,
1627 731 1724 838 pris.

556 843 732 934 metibus
765 878 849 937 non
884 846 1056 934 omnino
1096 838 1351 954 interpositis.
1404 846 1631 940 Fatendum
1665 857 1724 944 est

555 973 705 1083 itaque,
732 975 845 1088 quod
874 966 1076 1078 utriusque
1108 965 1303 1079 prismatis
1335 969 1585 1077 conjunbiim
1601 977 1723 1064 refra-

558 1096 712 1187 lliones
735 1102 824 1189 sunt
849 1100 1061 1213 regulares,
1088 1095 1312 1205 &proinde
1327 1095 1451 1185 etiam
1465 1099 1723 1193 refradiiones

555 1225 800 1314 alterutrius.
830 1228 988 1314 Scilicet
1008 1222 1109 1309 radii
1121 1221 1179 1307 illi
1199 1217 1378 1307 [imiliter
1386 1222 1624 1336 incidentes,
1634 1258 1722 1324 non

558 1377 698 1440 omnes
716 1382 825 1464 aeque
846 1351 1120 1467 refringuntur
1136 1349 1178 1433 in
1199 1348 1332 1458 primo
1359 1347 1544 1491 prismate
1563 1360 1652 1440 AB
1669 1362 1723 1470 C,

558 1499 606 1561 nt
630 1507 761 1593 neque
780 1480 823 1566 in
838 1479 1010 1566 secundo
1031 1504 1057 1560 a
1076 1475 1101 1561 b
1119 1500 1155 1586 c,
1182 1495 1318 1562 tamen
1354 1499 1449 1562 cnm
1471 1474 1722 1573 refrablionis

558 1603 804 1716 inaequalitas
819 1635 902 1691 non
933 1605 1175 1714 contingens
1204 1604 1264 1707 fit,
1293 1599 1357 1686 sed
1380 1601 1534 1687 oriatur
1548 1633 1599 1689 ex
1623 1638 1721 1719 prae-

558 1729 627 1812 vid
646 1731 849 1815 radiorum
868 1730 1135 1838 dispolitione,
1155 1729 1248 1814 ideo
1266 1728 1359 1815 licet
1374 1729 1477 1815 varii
1490 1730 1590 1819 radii
1608 1740 1719 1825 varie

563 1852 855 1964 restinguatur,
882 1881 1018 1943 tamen
1033 1855 1206 1962 ejusdem
1223 1856 1322 1943 radii
1348 1855 1488 1944 eadem
1503 1857 1579 1945 erit
1598 1860 1718 1952 rella-

559 1976 708 2067 &ionis
734 1983 936 2091 quantitas
956 1983 999 2067 in
1031 2005 1205 2094 utroque
1242 1983 1442 2095 prismate,
1469 1989 1721 2098 &quantum

558 2103 795 2193 incurvatur
817 2138 839 2192 a
864 2107 991 2219 priori
1023 2118 1061 2196 A
1077 2115 1112 2194 B
1128 2115 1181 2220 C,
1208 2132 1370 2198 tantum
1395 2111 1674 2203 incurvabitur
1696 2149 1719 2206 a

557 2228 768 2339 posteriori
792 2232 856 2315 ab
871 2258 893 2314 c
909 2267 920 2339 ;
938 2238 1043 2321 unde
1063 2235 1195 2322 radius
1225 2236 1411 2347 quilibet,
1446 2262 1650 2351 utcunque
1671 2245 1719 2329 fit

556 2352 837 2469 refrangibilis,
871 2362 1081 2474 postquam
1115 2390 1165 2448 ex
1190 2384 1364 2476 utroque
1380 2364 1563 2476 prismate
1588 2395 1719 2453 emer·

557 2481 663 2598 serit,
701 2486 856 2577 fibimet
875 2488 961 2604 ipfi,
991 2519 1086 2579 cum
1109 2493 1295 2580 nondum
1327 2494 1376 2578 iis
1403 2495 1608 2604 inciderat,
1649 2491 1720 2580 fiet

555 2615 775 2724 parallelus.
812 2624 952 2733 Atque
967 2621 1072 2731 ideo,
1095 2651 1190 2712 cum
1206 2650 1346 2711 omnes
1357 2625 1406 2710 ad
1425 2622 1578 2711 easdem
1588 2620 1723 2735 plagas

556 2749 740 2860 tendant,
750 2749 800 2836 ad
819 2780 920 2866 quas
931 2753 1054 2841 libere
1074 2754 1298 2858 tenderent,
1319 2749 1347 2834 fi
1365 2750 1620 2858 prismatibus
1634 2778 1720 2831 non

555 2868 903 2977 interciperentur,
929 2873 1078 2957 neceffe
1103 2880 1173 2974 est,
1200 2897 1247 2950 nt
1268 2872 1434 2949 eandem
1451 2866 1720 2955 orbicularem

555 2992 774 3100 imaginem
788 2994 837 3077 ad
862 2995 900 3077 Z
918 2993 1147 3099 exhibeant,
1173 3015 1293 3096 quam
1309 2986 1402 3072 illuc
1420 2984 1544 3077 libere
1554 2990 1721 3076 tenden-

555 3138 617 3201 tes
635 3115 881 3202 exhiberent.
909 3118 1031 3225 Quod
1049 3111 1077 3196 fi
1092 3113 1227 3222 imago
1240 3110 1429 3224 oblonga,
1446 3139 1517 3225 per
1541 3112 1717 3204 refraili·

557 3271 678 3330 onem
697 3241 806 3328 unici
836 3241 1033 3353 prismatis
1061 3240 1130 3347 (ut
1156 3240 1312 3329 dietum
1331 3240 1408 3352 est)
1443 3237 1594 3351 effeeta,
1615 3243 1716 3356 fign-

557 3397 645 3458 ram
663 3373 769 3459 suam
788 3376 813 3456 i
829 3371 947 3458 radiis
967 3371 1079 3458 nulli
1093 3372 1297 3482 certilege
1310 3371 1636 3479 divaricantibus,
1652 3372 1716 3457 sed

556 3496 662 3586 forte
676 3497 838 3587 fortuni
849 3498 1032 3588 hncilluc
1048 3496 1349 3615 vagerefraetis,
1363 3501 1605 3609 acquirerem
1623 3524 1717 3584 cum

557 3622 813 3714 refrabiiones
847 3629 951 3714 binis
977 3624 1232 3737 prismatibns
1264 3629 1532 3737 geminentur,
1560 3649 1716 3707 errores

557 3753 679 3838 etiam
698 3755 900 3841 radiorum
920 3752 1046 3865 duplo
1065 3752 1196 3864 plures
1220 3752 1448 3854 evaderent,
1469 3768 1517 3831 nt
1535 3746 1713 3856 &duplo

558 3879 756 3986 majorca,
780 3885 818 3969 dc
843 3880 986 3965 exinde
1011 3878 1147 3988 imago
1163 3876 1212 3961 ad
1232 3878 1269 3961 Z
1288 3874 1400 3959 fieret
1423 3871 1556 3957 multo
1569 3871 1714 3958 oblon-

558 4008 676 4117 glor,
704 4034 790 4117 quae
818 4030 951 4097 tamen
972 4004 1218 4117 experientii
1249 4002 1347 4090 teste
1374 4001 1417 4087 in
1450 3999 1591 4087 orbem
1618 4024 1714 4085 con·

559 4134 742 4222 trahitur.

1581 4230 1715 4317 Non·
