<?xml version="1.0" encoding="UTF-8"?>
<!DOCTYPE html PUBLIC "-//W3C//DTD XHTML 1.0 Transitional//EN"
    "http://www.w3.org/TR/xhtml1/DTD/xhtml1-transitional.dtd">
<html xmlns="http://www.w3.org/1999/xhtml" xml:lang="en" lang="en">
 <head>
  <title>
</title>
<meta http-equiv="Content-Type" content="text/html;charset=utf-8" />
  <meta name='ocr-system' content='tesseract 3.04.00' />
  <meta name='ocr-capabilities' content='ocr_page ocr_carea ocr_par ocr_line ocrx_word'/>
</head>
<body>
  <div class='ocr_page' id='page_1' title='image "./isaacinewtonieq01newtgoog_0283.png"; bbox 0 0 4078 5250; ppageno 0'>
   <div class='ocr_carea' id='block_1_1' title="bbox 531 292 1712 415">
    <p class='ocr_par' dir='ltr' id='par_1_1' title="bbox 531 292 1712 415">
     <span class='ocr_line' id='line_1_1' title="bbox 531 292 1712 415; baseline 0.018 -27"><span class='ocrx_word' id='word_1_1' title='bbox 531 307 652 414; x_wconf 79' lang='lat'>206</span> <span class='ocrx_word' id='word_1_2' title='bbox 889 292 989 399; x_wconf 79' lang='lat' dir='ltr'>De</span> <span class='ocrx_word' id='word_1_3' title='bbox 1028 296 1407 406; x_wconf 81' lang='lat' dir='ltr'>anronuu</span> <span class='ocrx_word' id='word_1_4' title='bbox 1512 299 1611 410; x_wconf 85' lang='lat' dir='ltr'>Par.</span> <span class='ocrx_word' id='word_1_5' title='bbox 1644 308 1712 415; x_wconf 76' lang='grc' dir='ltr'>ΙΙ.</span> 
     </span>
    </p>
   </div>
   <div class='ocr_carea' id='block_1_2' title="bbox 546 518 1730 4282">
    <p class='ocr_par' dir='ltr' id='par_1_2' title="bbox 546 518 1730 4187">
     <span class='ocr_line' id='line_1_2' title="bbox 546 518 1711 628; baseline 0 -16"><span class='ocrx_word' id='word_1_6' title='bbox 546 525 674 613; x_wconf 84' lang='lat' dir='ltr'>modu</span> <span class='ocrx_word' id='word_1_7' title='bbox 705 546 758 605; x_wconf 85' lang='lat' dir='ltr'>ex</span> <span class='ocrx_word' id='word_1_8' title='bbox 786 518 969 628; x_wconf 62' lang='lat' dir='ltr'>angulari</span> <span class='ocrx_word' id='word_1_9' title='bbox 1008 544 1122 605; x_wconf 90' lang='lat' dir='ltr'>motu</span> <span class='ocrx_word' id='word_1_10' title='bbox 1135 520 1331 628; x_wconf 80' lang='lat' dir='ltr'>prismatis</span> <span class='ocrx_word' id='word_1_11' title='bbox 1357 520 1577 611; x_wconf 77' lang='lat' dir='ltr'>secundum</span> <span class='ocrx_word' id='word_1_12' title='bbox 1600 526 1711 612; x_wconf 89' lang='lat' dir='ltr'>ordi·</span> 
     </span>
     <span class='ocr_line' id='line_1_3' title="bbox 548 643 1712 757; baseline -0.001 -19"><span class='ocrx_word' id='word_1_13' title='bbox 548 678 645 738; x_wconf 88' lang='lat' dir='ltr'>nem</span> <span class='ocrx_word' id='word_1_14' title='bbox 659 652 868 735; x_wconf 79' lang='lat' dir='ltr'>literarum</span> <span class='ocrx_word' id='word_1_15' title='bbox 888 643 1012 728; x_wconf 73' lang='lat' dir='ltr'>abta</span> <span class='ocrx_word' id='word_1_16' title='bbox 1038 643 1156 749; x_wconf 71' lang='lat' dir='ltr'>fufio,</span> <span class='ocrx_word' id='word_1_17' title='bbox 1180 645 1351 757; x_wconf 81' lang='lat' dir='ltr'>angulus</span> <span class='ocrx_word' id='word_1_18' title='bbox 1373 674 1440 757; x_wconf 79' lang='lat' dir='ltr'>ty</span> <span class='ocrx_word' id='word_1_19' title='bbox 1458 651 1563 750; x_wconf 72' lang='lat' dir='ltr'>fuel</span> <span class='ocrx_word' id='word_1_20' title='bbox 1588 651 1712 738; x_wconf 89' lang='lat' dir='ltr'>mini·</span> 
     </span>
     <span class='ocr_line' id='line_1_4' title="bbox 548 769 1711 888; baseline -0.004 -23"><span class='ocrx_word' id='word_1_21' title='bbox 548 807 665 865; x_wconf 85' lang='lat' dir='ltr'>mum</span> <span class='ocrx_word' id='word_1_22' title='bbox 688 798 916 888; x_wconf 78' lang='lat' dir='ltr'>augeretur,</span> <span class='ocrx_word' id='word_1_23' title='bbox 943 772 1086 881; x_wconf 71' lang='lat' dir='ltr'>priima</span> <span class='ocrx_word' id='word_1_24' title='bbox 1112 770 1215 856; x_wconf 89' lang='lat' dir='ltr'>istud</span> <span class='ocrx_word' id='word_1_25' title='bbox 1237 799 1263 852; x_wconf 80' lang='grc' dir='ltr'><strong><em>ι</em></strong></span> <span class='ocrx_word' id='word_1_26' title='bbox 1283 769 1402 860; x_wconf 83' lang='lat' dir='ltr'>bein</span> <span class='ocrx_word' id='word_1_27' title='bbox 1418 802 1468 858; x_wconf 89' lang='lat' dir='ltr'>eo</span> <span class='ocrx_word' id='word_1_28' title='bbox 1485 776 1590 861; x_wconf 80' lang='lat' dir='ltr'>statu</span> <span class='ocrx_word' id='word_1_29' title='bbox 1608 776 1711 885; x_wconf 85' lang='lat' dir='ltr'>figa-</span> 
     </span>
     <span class='ocr_line' id='line_1_5' title="bbox 550 895 1711 1009; baseline -0.003 -19"><span class='ocrx_word' id='word_1_30' title='bbox 550 930 642 991; x_wconf 85' lang='lat' dir='ltr'>tur:</span> <span class='ocrx_word' id='word_1_31' title='bbox 664 928 756 988; x_wconf 91' lang='lat' dir='ltr'>tum</span> <span class='ocrx_word' id='word_1_32' title='bbox 778 901 948 987; x_wconf 82' lang='lat' dir='ltr'>aiterum</span> <span class='ocrx_word' id='word_1_33' title='bbox 976 895 1121 1009; x_wconf 83' lang='lat' dir='ltr'>prisma</span> <span class='ocrx_word' id='word_1_34' title='bbox 1144 897 1233 985; x_wconf 80' lang='lat' dir='ltr'>AB</span> <span class='ocrx_word' id='word_1_35' title='bbox 1249 901 1290 985; x_wconf 89' lang='lat' dir='ltr'>C</span> <span class='ocrx_word' id='word_1_36' title='bbox 1315 926 1433 987; x_wconf 90' lang='lat' dir='ltr'>mutu</span> <span class='ocrx_word' id='word_1_37' title='bbox 1458 902 1564 988; x_wconf 86' lang='lat' dir='ltr'>eirca</span> <span class='ocrx_word' id='word_1_38' title='bbox 1589 928 1711 986; x_wconf 85' lang='lat' dir='ltr'>axem</span> 
     </span>
     <span class='ocr_line' id='line_1_6' title="bbox 549 1028 1716 1138; baseline -0.009 -13"><span class='ocrx_word' id='word_1_39' title='bbox 549 1036 636 1125; x_wconf 81' lang='lat' dir='ltr'>eius</span> <span class='ocrx_word' id='word_1_40' title='bbox 653 1061 763 1118; x_wconf 88' lang='lat' dir='ltr'>nune</span> <span class='ocrx_word' id='word_1_41' title='bbox 781 1030 857 1119; x_wconf 73' lang='lat' dir='ltr'>ht:</span> <span class='ocrx_word' id='word_1_42' title='bbox 877 1057 983 1115; x_wconf 88' lang='lat' dir='ltr'>nune</span> <span class='ocrx_word' id='word_1_43' title='bbox 1001 1028 1089 1112; x_wconf 67' lang='lat' dir='ltr'>issi:</span> <span class='ocrx_word' id='word_1_44' title='bbox 1107 1052 1250 1138; x_wconf 74' lang='lat' dir='ltr'>perum</span> <span class='ocrx_word' id='word_1_45' title='bbox 1275 1053 1554 1136; x_wconf 82' lang='lat' dir='ltr'>convertatur,</span> <span class='ocrx_word' id='word_1_46' title='bbox 1581 1054 1629 1114; x_wconf 91' lang='lat' dir='ltr'>ut</span> <span class='ocrx_word' id='word_1_47' title='bbox 1645 1058 1716 1116; x_wconf 89' lang='lat' dir='ltr'>co·</span> 
     </span>
     <span class='ocr_line' id='line_1_7' title="bbox 553 1155 1717 1277; baseline -0.003 -30"><span class='ocrx_word' id='word_1_48' title='bbox 553 1162 673 1267; x_wconf 79' lang='lat' dir='ltr'>iores,</span> <span class='ocrx_word' id='word_1_49' title='bbox 700 1188 809 1277; x_wconf 85' lang='lat' dir='ltr'>quos</span> <span class='ocrx_word' id='word_1_50' title='bbox 826 1158 986 1273; x_wconf 75' lang='lat' dir='ltr'>proiicit</span> <span class='ocrx_word' id='word_1_51' title='bbox 1001 1159 1045 1243; x_wconf 93' lang='lat' dir='ltr'>iu</span> <span class='ocrx_word' id='word_1_52' title='bbox 1064 1155 1314 1243; x_wconf 82' lang='lat' dir='ltr'>obstaculum</span> <span class='ocrx_word' id='word_1_53' title='bbox 1330 1185 1408 1272; x_wconf 85' lang='lat' dir='ltr'>eg,</span> <span class='ocrx_word' id='word_1_54' title='bbox 1426 1158 1637 1271; x_wconf 85' lang='lat' dir='ltr'>paululum</span> <span class='ocrx_word' id='word_1_55' title='bbox 1652 1180 1717 1243; x_wconf 82' lang='lat' dir='ltr'>at·</span> 
     </span>
     <span class='ocr_line' id='line_1_8' title="bbox 547 1287 1714 1406; baseline -0.006 -26"><span class='ocrx_word' id='word_1_56' title='bbox 547 1294 764 1401; x_wconf 76' lang='lat' dir='ltr'>to&#39;dantur,</span> <span class='ocrx_word' id='word_1_57' title='bbox 781 1322 914 1406; x_wconf 87' lang='lat' dir='ltr'>euque</span> <span class='ocrx_word' id='word_1_58' title='bbox 929 1289 1050 1404; x_wconf 66' lang='lat' dir='ltr'>pauo</span> <span class='ocrx_word' id='word_1_59' title='bbox 1066 1317 1206 1377; x_wconf 75' lang='lat' dir='ltr'>omnes</span> <span class='ocrx_word' id='word_1_60' title='bbox 1220 1287 1429 1379; x_wconf 81' lang='lat' dir='ltr'>sueceffive</span> <span class='ocrx_word' id='word_1_61' title='bbox 1445 1289 1714 1375; x_wconf 75' lang='lat' dir='ltr'>transmittan-</span> 
     </span>
     <span class='ocr_line' id='line_1_9' title="bbox 554 1414 1714 1531; baseline -0.005 -24"><span class='ocrx_word' id='word_1_62' title='bbox 554 1448 625 1507; x_wconf 90' lang='lat' dir='ltr'>tur</span> <span class='ocrx_word' id='word_1_63' title='bbox 669 1448 742 1531; x_wconf 84' lang='lat' dir='ltr'>per</span> <span class='ocrx_word' id='word_1_64' title='bbox 779 1418 1027 1525; x_wconf 85' lang='lat' dir='ltr'>fommeuf</span> <span class='ocrx_word' id='word_1_65' title='bbox 1055 1420 1099 1507; x_wconf 90' lang='lat' dir='ltr'>iu</span> <span class='ocrx_word' id='word_1_66' title='bbox 1132 1415 1329 1527; x_wconf 83' lang='lat' dir='ltr'>posterius</span> <span class='ocrx_word' id='word_1_67' title='bbox 1364 1415 1507 1529; x_wconf 85' lang='lat' dir='ltr'>prisma</span> <span class='ocrx_word' id='word_1_68' title='bbox 1536 1414 1714 1519; x_wconf 55' lang='lat' dir='ltr'>obn&amp;</span> 
     </span>
     <span class='ocr_line' id='line_1_10' title="bbox 552 1545 1717 1662; baseline -0.002 -27"><span class='ocrx_word' id='word_1_69' title='bbox 552 1553 723 1657; x_wconf 73' lang='lat' dir='ltr'>uidebis,</span> <span class='ocrx_word' id='word_1_70' title='bbox 731 1550 959 1662; x_wconf 68' lang='lat' dir='ltr'>quodcum</span> <span class='ocrx_word' id='word_1_71' title='bbox 971 1550 1134 1636; x_wconf 76' lang='lat' dir='ltr'>ssavedo</span> <span class='ocrx_word' id='word_1_72' title='bbox 1144 1547 1427 1634; x_wconf 76' lang='lat' dir='ltr'>transmittitur</span> <span class='ocrx_word' id='word_1_73' title='bbox 1439 1547 1489 1633; x_wconf 84' lang='lat' dir='ltr'>ad</span> <span class='ocrx_word' id='word_1_74' title='bbox 1492 1572 1541 1654; x_wconf 80' lang='lat' dir='ltr'>y,</span> <span class='ocrx_word' id='word_1_75' title='bbox 1553 1547 1608 1632; x_wconf 81' lang='lat' dir='ltr'>illi</span> <span class='ocrx_word' id='word_1_76' title='bbox 1617 1545 1717 1633; x_wconf 74' lang='lat' dir='ltr'>radii</span> 
     </span>
     <span class='ocr_line' id='line_1_11' title="bbox 554 1676 1717 1788; baseline -0.005 -24"><span class='ocrx_word' id='word_1_77' title='bbox 554 1711 641 1764; x_wconf 91' lang='lat' dir='ltr'>non</span> <span class='ocrx_word' id='word_1_78' title='bbox 672 1706 812 1764; x_wconf 72' lang='lat' dir='ltr'>omnes</span> <span class='ocrx_word' id='word_1_79' title='bbox 837 1679 889 1762; x_wconf 87' lang='lat' dir='ltr'>ad</span> <span class='ocrx_word' id='word_1_80' title='bbox 907 1694 947 1786; x_wconf 79' lang='lat' dir='ltr'>p</span> <span class='ocrx_word' id='word_1_81' title='bbox 974 1678 1247 1784; x_wconf 67' lang='lat' dir='ltr'>teneantur,</span> <span class='ocrx_word' id='word_1_82' title='bbox 1276 1679 1340 1763; x_wconf 86' lang='lat' dir='ltr'>sed</span> <span class='ocrx_word' id='word_1_83' title='bbox 1358 1676 1520 1788; x_wconf 87' lang='lat' dir='ltr'>plurimi</span> <span class='ocrx_word' id='word_1_84' title='bbox 1537 1700 1717 1786; x_wconf 89' lang='lat' dir='ltr'>petrum·</span> 
     </span>
     <span class='ocr_line' id='line_1_12' title="bbox 553 1802 1719 1915; baseline 0.003 -30"><span class='ocrx_word' id='word_1_85' title='bbox 553 1832 654 1911; x_wconf 88' lang='lat' dir='ltr'>pent</span> <span class='ocrx_word' id='word_1_86' title='bbox 680 1804 928 1912; x_wconf 87' lang='lat' dir='ltr'>superficiem</span> <span class='ocrx_word' id='word_1_87' title='bbox 953 1802 1020 1885; x_wconf 78' lang='lat' dir='ltr'>bt</span> <span class='ocrx_word' id='word_1_88' title='bbox 1043 1809 1084 1893; x_wconf 72' lang='lat'>81</span> <span class='ocrx_word' id='word_1_89' title='bbox 1100 1809 1188 1890; x_wconf 81' lang='lat' dir='ltr'>aut</span> <span class='ocrx_word' id='word_1_90' title='bbox 1202 1809 1447 1915; x_wconf 81' lang='lat' dir='ltr'>pertingent,</span> <span class='ocrx_word' id='word_1_91' title='bbox 1475 1803 1719 1914; x_wconf 72' lang='lat' dir='ltr'>utexcopid</span> 
     </span>
     <span class='ocr_line' id='line_1_13' title="bbox 552 1927 1718 2034; baseline 0.006 -26"><span class='ocrx_word' id='word_1_92' title='bbox 552 1929 848 2034; x_wconf 82' lang='lat' dir='ltr'>perrumpentis</span> <span class='ocrx_word' id='word_1_93' title='bbox 881 1927 984 2006; x_wconf 86' lang='lat' dir='ltr'>lucis</span> <span class='ocrx_word' id='word_1_94' title='bbox 1013 1932 1057 2006; x_wconf 72' lang='lat' dir='ltr'>dt</span> <span class='ocrx_word' id='word_1_95' title='bbox 1081 1930 1231 2008; x_wconf 91' lang='lat' dir='ltr'>minori</span> <span class='ocrx_word' id='word_1_96' title='bbox 1254 1932 1341 2029; x_wconf 85' lang='lat' dir='ltr'>ejus</span> <span class='ocrx_word' id='word_1_97' title='bbox 1357 1928 1596 2015; x_wconf 78' lang='lat' dir='ltr'>refmffione</span> <span class='ocrx_word' id='word_1_98' title='bbox 1620 1958 1718 2015; x_wconf 89' lang='lat' dir='ltr'>con·</span> 
     </span>
     <span class='ocr_line' id='line_1_14' title="bbox 553 2044 1715 2153; baseline 0.006 -27"><span class='ocrx_word' id='word_1_99' title='bbox 553 2048 643 2132; x_wconf 86' lang='lat' dir='ltr'>stet.</span> <span class='ocrx_word' id='word_1_100' title='bbox 698 2049 847 2151; x_wconf 83' lang='lat' dir='ltr'>Neque</span> <span class='ocrx_word' id='word_1_101' title='bbox 867 2044 1018 2124; x_wconf 84' lang='lat' dir='ltr'>uu&#39;rum</span> <span class='ocrx_word' id='word_1_102' title='bbox 1037 2046 1233 2145; x_wconf 81' lang='lat' dir='ltr'>videatur,</span> <span class='ocrx_word' id='word_1_103' title='bbox 1257 2051 1369 2148; x_wconf 89' lang='lat' dir='ltr'>quod</span> <span class='ocrx_word' id='word_1_104' title='bbox 1395 2049 1715 2153; x_wconf 85' lang='lat' dir='ltr'>purpuriformes</span> 
     </span>
     <span class='ocr_line' id='line_1_15' title="bbox 549 2165 1718 2279; baseline 0 -20"><span class='ocrx_word' id='word_1_105' title='bbox 549 2172 653 2259; x_wconf 84' lang='lat' dir='ltr'>radii</span> <span class='ocrx_word' id='word_1_106' title='bbox 679 2167 756 2255; x_wconf 87' lang='lat' dir='ltr'>fiut</span> <span class='ocrx_word' id='word_1_107' title='bbox 783 2165 918 2251; x_wconf 82' lang='lat' dir='ltr'>minus</span> <span class='ocrx_word' id='word_1_108' title='bbox 944 2188 1130 2277; x_wconf 82' lang='lat' dir='ltr'>putentes</span> <span class='ocrx_word' id='word_1_109' title='bbox 1154 2188 1362 2277; x_wconf 85' lang='lat' dir='ltr'>penetrare</span> <span class='ocrx_word' id='word_1_110' title='bbox 1382 2171 1630 2279; x_wconf 87' lang='lat' dir='ltr'>superficiem</span> <span class='ocrx_word' id='word_1_111' title='bbox 1655 2173 1718 2260; x_wconf 86' lang='lat' dir='ltr'>bt</span> 
     </span>
     <span class='ocr_line' id='line_1_16' title="bbox 554 2287 1721 2416; baseline 0.003 -32"><span class='ocrx_word' id='word_1_112' title='bbox 554 2324 683 2416; x_wconf 83' lang='lat' dir='ltr'>quam</span> <span class='ocrx_word' id='word_1_113' title='bbox 710 2287 1002 2397; x_wconf 81' lang='lat' dir='ltr'>rnbriformes;</span> <span class='ocrx_word' id='word_1_114' title='bbox 1027 2294 1355 2405; x_wconf 87' lang='lat' dir='ltr'>quandoquidem</span> <span class='ocrx_word' id='word_1_115' title='bbox 1371 2294 1627 2406; x_wconf 86' lang='lat' dir='ltr'>prismatibus</span> <span class='ocrx_word' id='word_1_116' title='bbox 1650 2329 1721 2389; x_wconf 86' lang='lat' dir='ltr'>eo·</span> 
     </span>
     <span class='ocr_line' id='line_1_17' title="bbox 557 2419 1722 2539; baseline -0.002 -21"><span class='ocrx_word' id='word_1_117' title='bbox 557 2433 654 2517; x_wconf 88' lang='lat' dir='ltr'>dem</span> <span class='ocrx_word' id='word_1_118' title='bbox 688 2426 815 2515; x_wconf 89' lang='lat' dir='ltr'>modu</span> <span class='ocrx_word' id='word_1_119' title='bbox 839 2419 1035 2532; x_wconf 78' lang='lat' dir='ltr'>dispofius</span> <span class='ocrx_word' id='word_1_120' title='bbox 1063 2422 1233 2507; x_wconf 74' lang='lat' dir='ltr'>autehic</span> <span class='ocrx_word' id='word_1_121' title='bbox 1260 2423 1429 2532; x_wconf 83' lang='lat' dir='ltr'>ostendi,</span> <span class='ocrx_word' id='word_1_122' title='bbox 1455 2428 1570 2538; x_wconf 89' lang='lat' dir='ltr'>quud</span> <span class='ocrx_word' id='word_1_123' title='bbox 1595 2431 1722 2539; x_wconf 85' lang='lat' dir='ltr'>majo·</span> 
     </span>
     <span class='ocr_line' id='line_1_18' title="bbox 559 2548 1721 2668; baseline -0.003 -23"><span class='ocrx_word' id='word_1_124' title='bbox 559 2586 649 2645; x_wconf 91' lang='lat' dir='ltr'>rem</span> <span class='ocrx_word' id='word_1_125' title='bbox 673 2550 952 2642; x_wconf 68' lang='lat' dir='ltr'>retnaionem</span> <span class='ocrx_word' id='word_1_126' title='bbox 981 2548 1199 2659; x_wconf 78' lang='lat' dir='ltr'>patientur,</span> <span class='ocrx_word' id='word_1_127' title='bbox 1229 2550 1361 2659; x_wconf 80' lang='lat' dir='ltr'>pofito</span> <span class='ocrx_word' id='word_1_128' title='bbox 1390 2551 1535 2641; x_wconf 84' lang='lat' dir='ltr'>scilicet</span> <span class='ocrx_word' id='word_1_129' title='bbox 1571 2558 1721 2668; x_wconf 84' lang='lat' dir='ltr'>angulo</span> 
     </span>
     <span class='ocr_line' id='line_1_19' title="bbox 562 2674 1718 2798; baseline -0.005 -27"><span class='ocrx_word' id='word_1_130' title='bbox 562 2686 674 2798; x_wconf 81' lang='lat' dir='ltr'>cys</span> <span class='ocrx_word' id='word_1_131' title='bbox 679 2706 808 2785; x_wconf 80' lang='lat' dir='ltr'>tanto,</span> <span class='ocrx_word' id='word_1_132' title='bbox 817 2702 866 2766; x_wconf 91' lang='lat' dir='ltr'>ut</span> <span class='ocrx_word' id='word_1_133' title='bbox 883 2679 1093 2792; x_wconf 84' lang='lat' dir='ltr'>omnigeni</span> <span class='ocrx_word' id='word_1_134' title='bbox 1112 2674 1213 2763; x_wconf 86' lang='lat' dir='ltr'>radii</span> <span class='ocrx_word' id='word_1_135' title='bbox 1232 2675 1383 2789; x_wconf 88' lang='lat' dir='ltr'>possint</span> <span class='ocrx_word' id='word_1_136' title='bbox 1396 2679 1640 2790; x_wconf 87' lang='lat' dir='ltr'>superficiem</span> <span class='ocrx_word' id='word_1_137' title='bbox 1657 2683 1681 2765; x_wconf 87' lang='lat' dir='ltr'><em>b</em></span> <span class='ocrx_word' id='word_1_138' title='bbox 1697 2706 1718 2765; x_wconf 86' lang='lat' dir='ltr'><em>c</em></span> 
     </span>
     <span class='ocr_line' id='line_1_20' title="bbox 562 2803 1719 2927; baseline 0.005 -40"><span class='ocrx_word' id='word_1_139' title='bbox 562 2833 784 2927; x_wconf 70' lang='lat' dir='ltr'>penetrare.</span> <span class='ocrx_word' id='word_1_140' title='bbox 837 2803 943 2909; x_wconf 86' lang='lat' dir='ltr'>Jam,</span> <span class='ocrx_word' id='word_1_141' title='bbox 960 2830 1058 2890; x_wconf 87' lang='lat' dir='ltr'>cum</span> <span class='ocrx_word' id='word_1_142' title='bbox 1075 2805 1190 2911; x_wconf 84' lang='lat' dir='ltr'>radii,</span> <span class='ocrx_word' id='word_1_143' title='bbox 1208 2806 1281 2915; x_wconf 84' lang='lat' dir='ltr'>qui</span> <span class='ocrx_word' id='word_1_144' title='bbox 1296 2806 1416 2891; x_wconf 82' lang='lat' dir='ltr'>citius</span> <span class='ocrx_word' id='word_1_145' title='bbox 1434 2812 1472 2893; x_wconf 69' lang='grc'>8(</span> <span class='ocrx_word' id='word_1_146' title='bbox 1490 2805 1642 2894; x_wconf 79' lang='lat' dir='ltr'>facilius</span> <span class='ocrx_word' id='word_1_147' title='bbox 1659 2837 1719 2893; x_wconf 88' lang='lat' dir='ltr'>re·</span> 
     </span>
     <span class='ocr_line' id='line_1_21' title="bbox 562 2928 1720 3048; baseline 0.008 -35"><span class='ocrx_word' id='word_1_148' title='bbox 562 2934 781 3023; x_wconf 67' lang='lat' dir='ltr'>fleetuntur</span> <span class='ocrx_word' id='word_1_149' title='bbox 800 2928 844 3012; x_wconf 93' lang='lat' dir='ltr'>iu</span> <span class='ocrx_word' id='word_1_150' title='bbox 860 2933 1138 3039; x_wconf 78' lang='lat' dir='ltr'>experimento</span> <span class='ocrx_word' id='word_1_151' title='bbox 1146 2934 1196 3015; x_wconf 87' lang='lat' dir='ltr'>ad</span> <span class='ocrx_word' id='word_1_152' title='bbox 1216 2932 1285 3045; x_wconf 81' lang='lat' dir='ltr'>fig.</span> <span class='ocrx_word' id='word_1_153' title='bbox 1302 2961 1368 3017; x_wconf 84' lang='lat'>20.</span> <span class='ocrx_word' id='word_1_154' title='bbox 1396 2936 1561 3044; x_wconf 86' lang='lat' dir='ltr'>tradito,</span> <span class='ocrx_word' id='word_1_155' title='bbox 1578 2965 1720 3048; x_wconf 82' lang='lat' dir='ltr'><strong>nempe</strong></span> 
     </span>
     <span class='ocr_line' id='line_1_22' title="bbox 563 3052 1722 3171; baseline 0.003 -30"><span class='ocrx_word' id='word_1_156' title='bbox 563 3052 895 3171; x_wconf 79' lang='lat' dir='ltr'>purpuriformes,</span> <span class='ocrx_word' id='word_1_157' title='bbox 922 3057 1046 3142; x_wconf 83' lang='lat' dir='ltr'>etiam</span> <span class='ocrx_word' id='word_1_158' title='bbox 1071 3055 1190 3143; x_wconf 81' lang='lat' dir='ltr'>citius</span> <span class='ocrx_word' id='word_1_159' title='bbox 1217 3062 1256 3144; x_wconf 70' lang='lat'>81</span> <span class='ocrx_word' id='word_1_160' title='bbox 1288 3057 1440 3143; x_wconf 72' lang='lat' dir='ltr'>facilius</span> <span class='ocrx_word' id='word_1_161' title='bbox 1469 3060 1722 3147; x_wconf 68' lang='lat' dir='ltr'>refledantut</span> 
     </span>
     <span class='ocr_line' id='line_1_23' title="bbox 567 3181 1723 3295; baseline 0 -24"><span class='ocrx_word' id='word_1_162' title='bbox 567 3187 613 3271; x_wconf 92' lang='lat' dir='ltr'>in</span> <span class='ocrx_word' id='word_1_163' title='bbox 641 3181 927 3295; x_wconf 81' lang='lat' dir='ltr'>experimentis</span> <span class='ocrx_word' id='word_1_164' title='bbox 959 3181 1120 3267; x_wconf 80' lang='lat' dir='ltr'>duobus</span> <span class='ocrx_word' id='word_1_165' title='bbox 1148 3181 1360 3268; x_wconf 87' lang='lat' dir='ltr'>noviffime</span> <span class='ocrx_word' id='word_1_166' title='bbox 1389 3187 1583 3287; x_wconf 87' lang='lat' dir='ltr'>recitatis;</span> <span class='ocrx_word' id='word_1_167' title='bbox 1627 3212 1723 3271; x_wconf 91' lang='lat' dir='ltr'>cum</span> 
     </span>
     <span class='ocr_line' id='line_1_24' title="bbox 561 3308 1724 3420; baseline -0.001 -22"><span class='ocrx_word' id='word_1_168' title='bbox 561 3314 711 3398; x_wconf 83' lang='lat' dir='ltr'>eadem</span> <span class='ocrx_word' id='word_1_169' title='bbox 744 3312 881 3396; x_wconf 91' lang='lat' dir='ltr'>iisdem</span> <span class='ocrx_word' id='word_1_170' title='bbox 906 3312 1025 3391; x_wconf 83' lang='lat' dir='ltr'>radiis</span> <span class='ocrx_word' id='word_1_171' title='bbox 1046 3309 1197 3413; x_wconf 87' lang='lat' dir='ltr'>semper</span> <span class='ocrx_word' id='word_1_172' title='bbox 1221 3310 1420 3412; x_wconf 86' lang='lat' dir='ltr'>eveniant,</span> <span class='ocrx_word' id='word_1_173' title='bbox 1455 3308 1583 3416; x_wconf 90' lang='lat' dir='ltr'>liquet</span> <span class='ocrx_word' id='word_1_174' title='bbox 1608 3314 1724 3420; x_wconf 91' lang='lat' dir='ltr'>quod</span> 
     </span>
     <span class='ocr_line' id='line_1_25' title="bbox 567 3426 1724 3543; baseline -0.003 -16"><span class='ocrx_word' id='word_1_175' title='bbox 567 3440 650 3527; x_wconf 90' lang='lat' dir='ltr'>hoc</span> <span class='ocrx_word' id='word_1_176' title='bbox 672 3437 720 3522; x_wconf 89' lang='lat' dir='ltr'>fit</span> <span class='ocrx_word' id='word_1_177' title='bbox 743 3465 828 3525; x_wconf 89' lang='lat' dir='ltr'>non</span> <span class='ocrx_word' id='word_1_178' title='bbox 857 3462 908 3521; x_wconf 84' lang='lat' dir='ltr'>ex</span> <span class='ocrx_word' id='word_1_179' title='bbox 931 3426 1201 3541; x_wconf 73' lang='lat' dir='ltr'>contingentiri</span> <span class='ocrx_word' id='word_1_180' title='bbox 1230 3430 1293 3514; x_wconf 88' lang='lat' dir='ltr'>sed</span> <span class='ocrx_word' id='word_1_181' title='bbox 1319 3459 1368 3515; x_wconf 83' lang='lat' dir='ltr'>ex</span> <span class='ocrx_word' id='word_1_182' title='bbox 1390 3432 1724 3543; x_wconf 69' lang='lat' dir='ltr'>prndispusrtione</span> 
     </span>
     <span class='ocr_line' id='line_1_26' title="bbox 570 3556 1727 3675; baseline 0.001 -26"><span class='ocrx_word' id='word_1_183' title='bbox 570 3565 803 3673; x_wconf 64' lang='lat' dir='ltr'>radiorum</span> <span class='ocrx_word' id='word_1_184' title='bbox 826 3562 991 3675; x_wconf 82' lang='lat' dir='ltr'>&amp;quod</span> <span class='ocrx_word' id='word_1_185' title='bbox 1006 3556 1284 3646; x_wconf 84' lang='lat' dir='ltr'>antecedenter</span> <span class='ocrx_word' id='word_1_186' title='bbox 1302 3562 1352 3646; x_wconf 91' lang='lat' dir='ltr'>ad</span> <span class='ocrx_word' id='word_1_187' title='bbox 1373 3586 1538 3646; x_wconf 88' lang='lat' dir='ltr'>omnem</span> <span class='ocrx_word' id='word_1_188' title='bbox 1553 3561 1727 3650; x_wconf 71' lang='lat' dir='ltr'>reueni-</span> 
     </span>
     <span class='ocr_line' id='line_1_27' title="bbox 573 3686 1730 3805; baseline -0.002 -24"><span class='ocrx_word' id='word_1_189' title='bbox 573 3717 695 3781; x_wconf 89' lang='lat' dir='ltr'>onem</span> <span class='ocrx_word' id='word_1_190' title='bbox 712 3714 783 3776; x_wconf 87' lang='lat' dir='ltr'>aut</span> <span class='ocrx_word' id='word_1_191' title='bbox 801 3686 1266 3799; x_wconf 73' lang='lat' dir='ltr'>refraffiuuemquidam</span> <span class='ocrx_word' id='word_1_192' title='bbox 1282 3688 1334 3774; x_wconf 85' lang='lat' dir='ltr'>ad</span> <span class='ocrx_word' id='word_1_193' title='bbox 1349 3686 1596 3775; x_wconf 81' lang='lat' dir='ltr'>exhibendos</span> <span class='ocrx_word' id='word_1_194' title='bbox 1610 3692 1730 3805; x_wconf 90' lang='lat' dir='ltr'>quus·</span> 
     </span>
     <span class='ocr_line' id='line_1_28' title="bbox 574 3812 1728 3929; baseline -0.002 -23"><span class='ocrx_word' id='word_1_195' title='bbox 574 3821 668 3906; x_wconf 81' lang='lat' dir='ltr'>dum</span> <span class='ocrx_word' id='word_1_196' title='bbox 683 3816 839 3902; x_wconf 79' lang='lat' dir='ltr'>colores</span> <span class='ocrx_word' id='word_1_197' title='bbox 853 3817 941 3904; x_wconf 91' lang='lat' dir='ltr'>sunt</span> <span class='ocrx_word' id='word_1_198' title='bbox 955 3818 1089 3929; x_wconf 80' lang='lat' dir='ltr'>apti&amp;</span> <span class='ocrx_word' id='word_1_199' title='bbox 1103 3812 1518 3923; x_wconf 74' lang='lat' dir='ltr'>futiliusreflexibiles‚</span> <span class='ocrx_word' id='word_1_200' title='bbox 1542 3816 1612 3903; x_wconf 87' lang='lat' dir='ltr'>alii</span> <span class='ocrx_word' id='word_1_201' title='bbox 1631 3847 1728 3906; x_wconf 86' lang='lat' dir='ltr'>vero</span> 
     </span>
     <span class='ocr_line' id='line_1_29' title="bbox 576 3936 1730 4053; baseline 0.002 -25"><span class='ocrx_word' id='word_1_202' title='bbox 576 3947 667 4033; x_wconf 80' lang='lat' dir='ltr'>aliis</span> <span class='ocrx_word' id='word_1_203' title='bbox 693 3938 899 4029; x_wconf 87' lang='lat' dir='ltr'>coloribus</span> <span class='ocrx_word' id='word_1_204' title='bbox 930 3947 972 4027; x_wconf 75' lang='grc' dir='ltr'>δι</span> <span class='ocrx_word' id='word_1_205' title='bbox 1004 3940 1286 4053; x_wconf 86' lang='lat' dir='ltr'>progrediendi</span> <span class='ocrx_word' id='word_1_206' title='bbox 1313 3942 1468 4029; x_wconf 82' lang='lat' dir='ltr'>uiribus</span> <span class='ocrx_word' id='word_1_207' title='bbox 1489 3936 1730 4030; x_wconf 83' lang='lat' dir='ltr'>afficiuntur.</span> 
     </span>
     <span class='ocr_line' id='line_1_30' title="bbox 578 4066 1730 4187; baseline -0.002 -27"><span class='ocrx_word' id='word_1_208' title='bbox 578 4076 730 4187; x_wconf 89' lang='lat' dir='ltr'>Neque</span> <span class='ocrx_word' id='word_1_209' title='bbox 759 4066 869 4158; x_wconf 85' lang='lat' dir='ltr'>aliud</span> <span class='ocrx_word' id='word_1_210' title='bbox 900 4069 1184 4182; x_wconf 75' lang='lat' dir='ltr'>experimentis</span> <span class='ocrx_word' id='word_1_211' title='bbox 1211 4071 1292 4179; x_wconf 85' lang='lat' dir='ltr'>jam</span> <span class='ocrx_word' id='word_1_212' title='bbox 1319 4070 1493 4158; x_wconf 81' lang='lat' dir='ltr'>recitatis</span> <span class='ocrx_word' id='word_1_213' title='bbox 1522 4070 1730 4158; x_wconf 88' lang='lat' dir='ltr'>discrimen</span> 
     </span>
    </p>

    <p class='ocr_par' dir='ltr' id='par_1_3' title="bbox 1605 4214 1730 4282">
     <span class='ocr_line' id='line_1_31' title="bbox 1605 4214 1730 4282; baseline -0.008 0"><span class='ocrx_word' id='word_1_214' title='bbox 1605 4214 1730 4282; x_wconf 79' lang='lat' dir='ltr'>mter·</span> 
     </span>
    </p>
   </div>
   <div class='ocr_carea' id='block_1_3' title="bbox 0 0 2059 5250">
    <p class='ocr_par' dir='ltr' id='par_1_4' title="bbox 0 0 2059 5250">
     <span class='ocr_line' id='line_1_32' title="bbox 0 0 2059 5250; baseline 0 0"><span class='ocrx_word' id='word_1_215' title='bbox 0 0 2059 5250; x_wconf 95' lang='lat' dir='ltr'> </span> 
     </span>
    </p>
   </div>
  </div>
 </body>
</html>
