4028 5252
548 350 616 479 128
687 366 1078 470 Rantonun
1115 348 1445 458 Dtvunan
1540 348 1639 465 i’ar.
1674 366 1718 491 L

546 578 590 664 in
622 592 723 687 quas
759 562 953 679 imagines
984 584 1125 650 omnes
1154 555 1235 645 ista
1265 554 1481 646 circulares
1518 559 1715 679 utrinque

548 699 831 807 terminantur,
869 688 956 778 vidi
985 687 1209 777 admodum
1225 682 1445 794 distinitts,
1471 708 1575 800 quta
1596 714 1721 787 antea

550 827 732 920 confusas
747 827 942 917 viderant.

559 1178 698 1292 XIV.
735 1172 914 1323 Qare
941 1171 1133 1284 termini
1153 1132 1404 1283 citandares
1428 1166 1608 1313 semper
1632 1202 1714 1323 ap·

621 1367 796 1499 parent
818 1331 1005 1484 cntffuffi

611 1597 718 1700 Suu,
735 1592 852 1705 quod
869 1610 1019 1675 notatu
1033 1582 1150 1674 valde
1168 1583 1338 1694 dignum
1357 1582 1532 1693 videtne,
1549 1586 1714 1677 termini

559 1716 771 1807 circulares
798 1719 839 1800 Α
856 1712 940 1800 PC
964 1715 1005 1801 8t
1033 1713 1069 1795 B
1090 1709 1131 1794 T
1152 1712 1194 1792 D
1226 1707 1411 1820 imaginis
1442 1708 1545 1796 illius
1563 1710 1725 1824 sempet-

561 1868 778 1955 apparuete
800 1838 976 1927 maxime
989 1833 1156 1943 contusi,
1182 1832 1272 1922 luce
1296 1837 1492 1948 paulatim
1506 1836 1715 1928 deficiente

562 1968 692 2061 donec
714 1970 878 2057 tandem
896 1969 941 2056 in
957 1967 1143 2055 tenebras
1159 1963 1288 2054 desiit.
1341 1968 1499 2058 Scilicet
1531 1969 1720 2060 interme·

564 2097 622 2184 dii
635 2094 790 2206 circuli,
815 2117 864 2184 ut
883 2096 985 2206 YZ‘,
1012 2093 1225 2181 miscentur
1239 2093 1329 2182 aliis
1350 2096 1515 2184 circuiit
1528 2100 1725 2214 utrinque:

564 2220 823 2332 cadentibus;
856 2220 1094 2338 quibuscum
1124 2248 1175 2307 ex
1198 2220 1338 2336 aliqud
1354 2225 1414 2312 sui
1437 2246 1549 2336 purte
1568 2225 1719 2311 coinci-

565 2351 688 2441 dunt..
736 2360 794 2439 At
822 2349 1001 2437 entremi⁴
1020 2350 1187 2463 quidem
1208 2348 1349 2437 tinnuli
1377 2358 1418 2440 A
1433 2355 1472 2443 C
1497 2355 1538 2441 8(
1555 2354 1590 2438 Β
1608 2358 1650 2440 D
1668 2376 1729 2438 ex.

564 2478 652 2569 und,
678 2500 840 2566 tantum
871 2500 983 2592 parte
1011 2505 1106 2566 curn
1132 2476 1221 2564 aliis
1239 2484 1552 2592 concurrunt&
1575 2503 1726 2568 eorum-

565 2611 779 2699 cnncutsus
803 2609 1021 2700 continuus
1048 2606 1094 2695 fit
1108 2609 1247 2717 rarior,
1277 2612 1318 2699 8<
1342 2613 1487 2700 exinde
1503 2612 1574 2701 lux
1596 2613 1720 2727 usque

564 2738 774 2852 oemiffior,
798 2742 899 2830 dum
930 2742 981 2829 ad
1011 2740 1288 2828 extremitates
1314 2740 1410 2830 Pac
1432 2744 1474 2830 T
1500 2745 1729 2831 deventum

472 2860 477 2871 ’
565 2866 643 2949 est..
687 2869 766 2950 Sed
781 2871 825 2955 8(
838 2868 916 2949 alia
934 2867 1074 2972 prodit
1101 2865 1212 2952 istius
1230 2865 1425 2973 teitaun,
1447 2867 1591 2951 scilicet
1605 2867 1720 2979 quud

566 2991 777 3081 radiorum
830 2989 1006 3076 maxime
1039 2995 1155 3104 copia
1189 3015 1280 3106 apta
1317 2992 1378 3102 stt,
1406 3013 1453 3081 ut
1478 2991 1723 3082 mediocrem

568 3112 851 3203 refiuiiionetn
879 3119 1070 3230 patiatur,
1095 3126 1135 3213 8:
1159 3121 1210 3211 fic
1240 3124 1284 3210 in
1316 3124 1495 3212 medium
1532 3123 1718 3240 imaginis

567 3239 741 3345 incidam
767 3244 808 3330 8<
837 3248 950 3361 quod
979 3275 1123 3336 eorum
1152 3274 1343 3337 numerus
1370 3251 1568 3342 continuo
1589 3253 1739 3339 minoe:-

568 3370 725 3475 enistat,
765 3371 914 3486 quibus
952 3380 1148 3492 competit
1189 3382 1336 3491 gradus
1382 3378 1737 3495 refrangibilitatiu..

571 3495 862 3626 dttrutrinque
880 3510 1009 3621 magis
1025 3531 1254 3601 exuemus„
1337 3589 1339 3593 ,
