4058 5258
564 364 670 471 266
912 360 1005 461 Du
1046 354 1298 461 Vanus
1518 366 1615 471 Par.
1654 372 1709 474 ll.
1828 289 1856 329 x

561 612 627 671 ma
644 579 689 665 fit
709 573 968 689 triangulare,
1005 573 1061 660 sm
1083 573 1470 685 parallelepipedum,
1491 581 1729 675 hebescunt..

564 702 912 811 20.Cum0bjetta
921 699 1721 816 perprisrnatatriangulariatranspiciun.

561 856 643 939 tur,
661 827 965 919 colorcsitidem
981 825 1263 935 splendidiores
1281 830 1459 914 evadunt
1476 858 1526 914 ex
1539 834 1721 941 objeslo-

563 984 655 1047 rom
663 954 781 1043 audii
791 955 1101 1065 longinquitate,
1113 973 1155 1037 at
1173 952 1282 1039 secus
1301 954 1347 1040 fit
1367 958 1409 1040 in
1427 956 1721 1074 parallelepipe-

561 1087 635 1171 dis.
650 1100 706 1184 3⁰·
715 1086 827 1169 Cum
837 1081 891 1167 sol
901 1078 1111 1166 translucet
1129 1076 1273 1188 prisma
1289 1079 1549 1191 triangulare,
1564 1087 1731 1174 colores.

563 1211 752 1297 oriuntur
771 1207 1028 1295 terminando
1046 1204 1179 1293 lucem
1197 1233 1247 1290 ex
1263 1206 1417 1292 utrivis
1435 1231 1547 1317 parte
1559 1213 1722 1322 prisma·

563 1336 643 1421 tis:
689 1356 731 1420 at
763 1360 858 1421 cum
891 1330 1105 1418 transsucet
1132 1331 1519 1444 parallelepipedum,
1562 1337 1732 1426 colores.

564 1491 649 1550 non
668 1461 857 1547 oriuntur
888 1459 1146 1546 terminando
1173 1458 1305 1546 lucem
1339 1466 1364 1544 a
1399 1458 1607 1570 posteriori
1637 1466 1734 1571 eius.

564 1612 698 1698 parte..
745 1589 876 1695 Cujus
899 1588 958 1672 rei
986 1587 1092 1672 ratio
1119 1586 1190 1693 est,
1217 1586 1329 1698 quod
1347 1585 1607 1695 heterogenei
1624 1590 1731 1675 radii·

565 1744 589 1800 a
616 1715 855 1826 triangulari
885 1713 1071 1824 prismate
1102 1715 1359 1824 divergentes
1389 1711 1507 1818 fiunt,
1542 1714 1722 1826 adeoque

564 1843 653 1949 post
688 1841 976 1952 emergentium
1007 1841 1097 1950 plus
1125 1839 1291 1961 plusque
1317 1835 1598 1950 segregantur3
1623 1862 1665 1923 at
1680 1840 1724 1925 in

564 1966 868 2074 parallelismum
884 1966 1152 2054 restituuntur
1170 1987 1424 2078 emergentes
1446 1997 1469 2052 e
1486 1967 1733 2078 parallelepi.

561 2090 681 2197 pedo,
702 2092 742 2170 8(
759 2113 845 2169 non
866 2090 1039 2195 amplius
1064 2092 1114 2174 ab
1133 2092 1313 2174 invicem
1339 2095 1553 2177 recedunt„
1599 2096 1723 2179 Deni-

562 2222 642 2306 que
673 2212 823 2283 notum
852 2192 923 2295 est,
949 2195 1063 2298 quod
1087 2193 1288 2296 colorum,
1316 2194 1359 2276 in
1387 2218 1610 2283 extremam
1637 2231 1738 2310 par·-

564 2344 650 2409 κω
668 2314 778 2403 oculi
806 2317 850 2403 iu
866 2311 991 2401 solem
1013 2315 1081 2401 vel
1110 2314 1318 2407 lucernam
1337 2343 1407 2425 per
1432 2315 1577 2423 prisma
1596 2327 1731 2414 trian.

566 2448 703 2564 gulare
723 2443 979 2559 respicientis,
1006 2440 1181 2555 quilibet
1205 2441 1333 2529 astans
1352 2442 1507 2527 videbit
1540 2452 1725 2538 ordinem

529 2564 536 2581 ⁸
567 2578 606 2664 ei
621 2573 882 2680 contrarium,
907 2598 1032 2687 quem
1053 2570 1165 2657 videt
1189 2568 1270 2680 ipse
1287 2567 1507 2680 spellator„
1540 2582 1612 2682 At,
1631 2608 1725 2665 cum

568 2696 1181 2816 parallelepipedumadhibetur,
1207 2696 1316 2783 idem
1334 2699 1409 2783 erit
1424 2700 1525 2783 ordo
1540 2704 1733 2791 colorum¹
1845 2760 1864 2793 .

569 2833 614 2917 in
630 2851 806 2938 utroque
831 2824 920 2912 casu
939 2845 1105 2933 propter
1128 2817 1437 2909 decollationem
1462 2825 1661 2909 radiorum
1676 2832 1721 2913 in

571 2953 913 3065 parallelepipedo,
948 2949 1019 3035 ubi
1049 2946 1244 3057 spe&ator
1277 2948 1493 3059 transpicit,
1526 2955 1736 3061 quemad--

572 3081 741 3177 modum
755 3077 976 3190 inspicienti
991 3075 1189 3163 schemata
1202 3075 1469 3165 manifestum.

627 3337 707 3414 Er
745 3360 794 3416 ex
828 3330 904 3421 hle
926 3324 1141 3417 effectuum
1176 3326 1402 3416 diversitate
1436 3330 1741 3435 plraenomenou.

574 3453 848 3558 componitur,
874 3479 961 3559 quo
976 3454 1164 3541 colorum
1186 3454 1235 3536 ad
1260 3451 1428 3535 diversas
1445 3449 1643 3534 distantias
1660 3458 1725 3539 di.

576 3572 676 3661 uersr
735 3571 832 3658 liant
878 3574 1051 3663 ordines.
1116 3584 1269 3686 Utpote
1312 3599 1381 3681 per
1426 3600 1494 3656 vas
1545 3599 1724 3684 aqueum

576 3709 620 3797 A
634 3701 724 3789 BC
744 3706 784 3787 D
811 3697 902 3813 (fig.
919 3703 1004 3812 33.)
1032 3704 1074 3789 in
1091 3705 1200 3809 cujus
1219 3696 1344 3781 fundo
1365 3698 1448 3783 YZ
1474 3698 1592 3791 refert
1612 3701 1736 3791 lami·-

577 3854 671 3919 nam
689 3826 874 3938 vitream,
907 3857 1030 3944 quam
1056 3830 1098 3911 in
1125 3823 1391 3932 superioribus
1415 3825 1623 3913 horizonti
1657 3858 1738 3940 pa·-

579 3952 751 4045 rallelam
769 3948 844 4040 elle
869 3952 1066 4069 supposui,
1094 3948 1228 4055 jubare
1244 3948 1459 4060 trajetlosr
1485 3982 1553 4037 vas
1567 3954 1616 4037 ad
1636 3981 1738 4064 par·-

579 4104 654 4179 tes,
671 4082 792 4181 solem
822 4081 954 4174 versus
983 4080 1176 4186 elevetur,
1218 4098 1265 4165 ut
1296 4074 1468 4169 fundum
1492 4084 1573 4191 ejus
1597 4081 1742 4285 mabglls,

1621 4228 1648 4284 0
1690 4232 1740 4286 1·.
