4058 5258
550 408 654 575 278
895 412 994 523 Du
1033 416 1303 527 Vneris.
1519 433 1705 543 Patll.

606 770 930 863 Norrssruun
953 768 1021 875 est,
1048 766 1160 881 quod
1189 764 1373 850 mollium
1398 788 1527 878 partes
1548 802 1633 864 non
1649 778 1709 867 so-

550 905 638 992 lum
659 888 846 1015 prellioni
868 896 1030 1006 cedunt,
1058 898 1101 982 in
1126 895 1287 1008 quasvis
1311 896 1541 987 immediate
1566 906 1707 1017 impri-

550 1030 690 1137 mitur,
717 1026 782 1113 sed
801 1032 842 1113 dt
862 1026 946 1113 alia
968 1024 1091 1112 etiam
1119 1045 1254 1133 partes
1272 1043 1447 1132 remotae,
1475 1046 1595 1137 prout
1621 1033 1707 1120 vim

549 1155 726 1268 partium
774 1152 1003 1238 immediate
1039 1142 1254 1261 preliatum
1284 1145 1490 1236 sustinent.
1541 1160 1597 1240 Et
1633 1156 1713 1269 ipse

548 1307 841 1394 nonnunquam
871 1276 1080 1365 observavi
1111 1278 1154 1364 in
1181 1275 1336 1362 laminis
1363 1303 1712 1370 convexo-conca·

549 1410 664 1498 vis&
684 1437 734 1497 ex
753 1406 920 1495 materis
944 1404 1200 1492 mediocriter
1220 1403 1349 1513 rigidi
1369 1404 1562 1492 confodis
1590 1408 1710 1522 (qua-

548 1538 606 1625 les
620 1568 669 1625 ex
698 1538 818 1627 coriis
852 1534 1039 1624 bubulcis
1070 1534 1112 1620 in
1140 1560 1298 1621 morem
1329 1533 1521 1645 segmenti
1548 1539 1709 1649 superfi-

548 1666 828 1779 cieisphaericae
856 1666 1148 1752 contundendo
1165 1664 1332 1750 formari
1361 1661 1541 1774 possunt)
1582 1671 1708 1780 quod,

546 1822 642 1881 cum
657 1795 700 1878 in
720 1791 946 1880 meditullio
964 1790 1027 1876 seu
1044 1788 1194 1876 vertice
1211 1808 1464 1901 premuntur,
1487 1821 1566 1875 non
1581 1792 1709 1882 solum

545 1919 1708 2035 ffifflmmfflfflffl&mfflmmfflwmffl

544 2049 775 2161 annularem
807 2049 954 2133 collem
996 2045 1176 2155 depressae
1223 2048 1366 2135 vertici
1402 2051 1711 2140 circunduttum

546 2168 931 2281 comprehendentis,
959 2170 1068 2250 intus
1103 2170 1336 2273 flebiuntur,
1371 2172 1496 2278 idque
1523 2178 1644 2260 citius
1669 2182 1711 2266 8(

547 2295 677 2408 magis
703 2290 925 2398 manifesto,
954 2284 1078 2373 stlint
1097 2289 1219 2399 paulo
1249 2292 1458 2397 rigidiores
1481 2296 1594 2401 juxta
1615 2324 1709 2381 ver·

546 2426 671 2512 tieem
696 2448 820 2536 quam
851 2443 980 2529 prope
1014 2412 1290 2527 periplreriam.
1337 2420 1392 2504 V·
1419 2420 1472 2533 G,
1527 2423 1586 2506 Sit
1604 2420 1710 2506 kna

545 2548 637 2660 (lig.
667 2548 751 2657 58.)
790 2545 936 2631 lamina
964 2540 1147 2653 sphaerice
1181 2571 1575 2656 convexo-concava,
1621 2574 1709 2664 quae

546 2673 733 2764 circulari
754 2673 840 2779 eius
858 2667 1107 2755 extremitati
1143 2692 1336 2784 tanquam
1361 2670 1441 2757 basr
1458 2674 1710 2788 incumbens,

546 2797 656 2886 mole
686 2796 821 2909 aliqud
852 2796 973 2906 pland
1001 2797 1041 2881 br
1065 2795 1115 2878 ad
1143 2793 1273 2881 basem
1300 2796 1383 2903 ejus
1407 2798 1594 2906 paralleli
1618 2802 1709 2886 AB

544 2944 767 3036 prematur,
807 2917 1129 3009 &manifestum
1164 2919 1256 3027 erit,
1302 2920 1414 3031 quod
1450 2920 1530 3009 haec
1561 2923 1708 3011 lamina

547 3042 1709 3160 mmmoefflmffimmmfflwfflffimMm·

545 3176 669 3266 bente
687 3179 796 3266 mole
816 3177 954 3289 primo
982 3173 1253 3283 contingitur.
1310 3176 1385 3260 Sed
1411 3172 1454 3259 in
1473 3174 1561 3262 aliis
1586 3184 1709 3267 etiam

547 3300 661 3408 locis,
677 3326 724 3389 ut
740 3307 782 3389 in
800 3305 876 3389 n&
894 3301 925 3408 l,
944 3297 1062 3411 poffit
1081 3302 1205 3386 etiam
1213 3299 1321 3386 intus
1342 3302 1535 3411 recedere,
1553 3305 1648 3391 dum
1667 3305 1710 3391 in

549 3425 648 3511 locis
671 3426 932 3533 intermediis,
961 3448 1009 3510 ut
1031 3450 1071 3508 m
1086 3432 1126 3516 dr
1141 3456 1182 3536 rr,
1208 3450 1338 3538 partes
1363 3422 1580 3541 assurgunt.
1633 3436 1709 3515 At·

548 3544 716 3662 quehdc
736 3546 895 3633 ratione
922 3549 1286 3664 configurationem
1301 3556 1482 3665 acquiret
1513 3554 1710 3643 hauddis·

550 3668 718 3767 similem
736 3700 850 3793 aquae
864 3676 1095 3791 undulanti,
1110 3684 1313 3793 puteolon
1325 3681 1517 3769 referente
1527 3706 1712 3774 centrum

551 3806 765 3912 undarum,
791 3806 937 3915 &ripas
960 3833 1012 3913 m,
1041 3843 1070 3909 μ
1093 3806 1290 3893 referente
1313 3808 1511 3894 undarum
1540 3813 1713 3922 primam

548 3934 653 4024 valle
684 3954 723 4043 n,
753 3934 776 4015 l
807 3936 1096 4022 circundatam.
1157 3938 1212 4019 Et
1246 3936 1296 4021 ad
1329 3936 1501 4021 eundem
1541 3942 1714 4027 modum

546 4056 1714 4172 mffifflssmmwdmmmfflmmmmb

548 4187 748 4305 scendunt,
774 4215 953 4305 quorum
990 4184 1166 4273 culmina
1192 4187 1391 4276 internata
1423 4188 1499 4276 bnt
1531 4192 1715 4302 pluribus

1595 4318 1717 4405 undis
