4078 5250
332 404 461 509 Seu.
494 400 529 501 Ι.
600 391 1299 496 LucrsCoconraus.
1382 418 1544 537 197,

333 620 448 709 Tum
484 634 614 701 rotam
649 607 844 717 imprimis
866 607 974 693 lente
996 607 1282 717 circumvolve,
1317 614 1486 701 &vide-

331 747 394 831 bis
410 743 589 852 stngulos·
614 735 768 823 colores
802 733 850 816 in·
869 732 1061 841 chartam,
1089 731 1172 829 fine.
1192 731 1324 846 aliqud
1339 736 1487 824 albedi-

330 872 393 957 nis
416 866 679 978 apparitione,
714 856 922 944 succeffive
940 862 1152 970 procedere
1173 895 1184 968 ;
1208 862 1356 971 postea,
1375 863 1403 948 fi
1424 890 1487 946 ro·

329 1018 415 1080 tam
439 1015 524 1076 tam
551 988 671 1073 celeri
690 1009 806 1069 motu
827 986 1043 1097 circumagi
1069 984 1197 1095 facias,
1224 986 1487 1074 &succentu-

333 1124 481 1204 riantes
509 1113 664 1199 colores
696 1130 859 1219 propter
896 1111 1152 1198 velocitatem
1199 1110 1488 1197 consecutionis

335 1244 385 1329 ab
421 1241 593 1355 inuicem
627 1236 813 1346 distingui
844 1260 1056 1351 nequeant,
1083 1237 1417 1348 transmigrabunt
1442 1238 1487 1322 in

332 1370 567 1472 albedinem,
613 1391 781 1475 eamque
834 1366 967 1474 quoad
998 1364 1147 1452 sensum
1181 1368 1487 1475 homogeneam,

332 1496 413 1580 sane
430 1492 564 1604 aliqui
579 1489 763 1576 colorum
798 1489 1057 1600 apparitione,
1085 1520 1134 1576 ex
1160 1491 1308 1604 quibus
1331 1490 1488 1576 celerri-

334 1650 401 1709 me
419 1618 455 1704 b
473 1641 618 1703 mutuo
641 1610 973 1723 consequentibus
987 1619 1130 1705 albedo
1143 1619 1212 1704 illa
1231 1614 1422 1721 efficitur,
1447 1617 1487 1703 &

334 1746 437 1832 hanc
465 1743 705 1851 albedinem,
732 1769 754 1824 e
772 1741 975 1829 coloribus
999 1744 1075 1831 illis
1093 1741 1301 1832 succeffive
1319 1741 1487 1830 commi·

335 1876 403 1960 stis
418 1874 610 1981 componi
629 1899 701 1983 per
718 1870 756 1957 se
771 1871 1023 1961 manifestum
1043 1876 1114 1962 est.

386 2132 670 2238 Quruu'rtnn
699 2128 841 2216 albedo
868 2161 950 2218 non
976 2153 1133 2217 tantum
1161 2134 1209 2215 ad
1231 2130 1366 2214 locum
1389 2148 1486 2208 con·

330 2253 464 2341 cursus
483 2256 524 2337 X
546 2257 795 2340 ecommistis
814 2257 1015 2342 coloribus
1033 2256 1306 2366 componitur,
1334 2251 1399 2336 sed
1410 2247 1485 2331 eti·

330 2404 396 2461 am
410 2378 460 2461 ad
485 2372 804 2480 foramenJFf,
830 2383 900 2463 ubi
927 2381 997 2462 lux
1016 2382 1141 2465 modo
1166 2375 1321 2460 transiit
1341 2368 1486 2481 prisma

332 2505 371 2587 δε
396 2501 552 2585 colores
579 2500 762 2583 nondum
789 2502 1019 2609 apparuere,
1045 2500 1375 2609 quandoquidem
1399 2526 1486 2583 om·

334 2648 404 2705 nes
441 2619 540 2700 radii
582 2619 882 2729 quibuscunque
918 2623 1124 2704 coloribus
1142 2616 1298 2720 affeeu,
1334 2620 1406 2727 qui
1435 2620 1486 2700 ad

333 2740 531 2856 punPtum
559 2742 733 2850 quodvis
761 2745 946 2854 imaginis
975 2746 1062 2825 xX
1088 2770 1119 2823 x
1142 2762 1408 2854 convergunt,
1436 2742 1487 2826 ab

332 2868 412 2955 alio
439 2866 617 2976 quodam
646 2866 798 2976 punslo
826 2865 1034 2952 foraminis
1054 2868 1097 2974 f
1105 2872 1135 2952 F
1143 2868 1185 2976 f
1190 2869 1419 2973 mandrunt,
1444 2869 1485 2954 dr

331 2993 383 3079 stc
404 2994 526 3078 iidem
542 2990 640 3076 radii
668 2994 718 3078 ad
737 3013 956 3105 utrumque
979 2992 1148 3102 spatium
1169 2993 1210 3098 f
1215 2997 1246 3078 F
1254 2993 1296 3101 f
1301 2997 1339 3081 81
1355 3019 1386 3073 x
1403 2998 1438 3077 X
1452 3021 1485 3076 x

278 3204 289 3224 ,
331 3120 558 3229 miscentur,
597 3123 636 3206 8<
666 3120 871 3233 utriusque
898 3119 1091 3206 albedinis
1121 3120 1346 3206 eadem-est⁴
1371 3148 1481 3207 com·

332 3245 500 3360 pontio..

380 3501 582 3598 Imque
607 3498 688 3586 haec
719 3501 888 3587 clariora
918 3500 1023 3586 fient·
1061 3500 1305 3589 observando
1333 3505 1495 3611 primo,

327 3630 439 3740 quod
459 3627 516 3711 rei
534 3627 696 3733 alicujus
709 3652 918 3743 utcunque
938 3630 1128 3739 figuratas,
1155 3631 1409 3741 &applicatae
1426 3631 1476 3714 ad

248 3834 253 3845 ,
326 3752 506 3835 foramen
516 3754 557 3857 f
572 3756 604 3838 F
612 3757 655 3858 f,
683 3757 825 3841 umbra
855 3753 1036 3840 distinsle
1059 3756 1268 3862 projicitur
1292 3756 1334 3836 in
1353 3779 1476 3864 papy-

329 3898 422 3956 rum
432 3874 559 3956 radios
583 3878 846 3984 excipientem
862 3881 912 3963 ad
939 3883 991 3962 X.
1021 3875 1217 3980 Quinimo
1236 3877 1475 3962 bullularum

330 3994 428 4081 aeris
458 3992 500 4076 in
531 3996 713 4103 prismate
746 4003 956 4090 latentium
991 4002 1110 4104 (ficut
1138 4003 1255 4088 vitris
1286 4000 1491 4085 omnibus·

328 4119 562 4230 contingere
585 4120 704 4232 solet)
715 4126 891 4237 umbras
918 4130 1053 4222 videre
1070 4124 1162 4214 licet
1185 4131 1233 4217 ad
1252 4124 1370 4329 inlisit
1388 4147 1472 4202 mah

1290 4274 1311 4331 c
1355 4271 1486 4335 arum,
