4078 5250
556 366 657 479 162
882 362 974 464 Da
1012 357 1398 468 linoronun
1508 368 1606 476 Par.
1644 374 1706 479 IL

548 592 590 675 G
618 578 815 695 positione
840 582 996 688 datum,
1020 580 1059 668 8<
1083 577 1175 663 ideo
1206 572 1385 666 similiter
1418 580 1640 679 incidentes
1668 592 1717 681 in

548 710 693 824 prisma
717 706 914 821 posterius
934 739 960 794 a
977 707 1052 814 bc,
1085 701 1354 814 refringantur
1376 710 1427 793 ad
1451 709 1540 800 loca
1559 720 1718 804 diversa·

551 842 599 942 P,
626 835 681 944 T,
708 857 926 948 ceteraque
941 828 1193 937 intermedia,
1220 829 1387 938 constat,
1410 834 1521 943 quod
1539 839 1720 950 inaequa·

551 962 644 1047 liter
657 960 952 1070 refringantur3
979 958 1130 1044 &cum
1148 952 1340 1042 restanus
1367 962 1455 1042 GP
1481 958 1725 1052 observetur¹

553 1088 681 1195 magis
707 1085 918 1172 deflesiere
947 1084 999 1168 ab
1029 1080 1229 1169 incidente
1256 1085 1336 1168 PG
1364 1110 1489 1194 quam
1523 1087 1718 1181 refradius

555 1218 595 1299 t}
610 1214 666 1317 T,
693 1212 862 1318 constat,
888 1209 1000 1322 quod
1022 1207 1120 1292 radii
1145 1233 1364 1318 purpuram
1383 1212 1617 1301 exhibentes
1632 1244 1721 1301 rna·

554 1340 618 1455 gis
642 1337 911 1451 refringantur
939 1364 1066 1451 quam
1090 1337 1324 1425 exhibentes
1363 1340 1571 1453 ruborem,
1603 1370 1723 1434 cate·

556 1469 672 1585 rique
690 1469 877 1580 deinceps
897 1469 941 1555 in
959 1467 1102 1556 ordine
1132 1467 1389 1555 intermedio.

612 1727 664 1810 Sr
696 1746 775 1830 qua
808 1720 938 1811 forsan
969 1721 1157 1809 oboritur
1185 1720 1365 1833 suspicio,
1390 1725 1510 1835 quod¹
1525 1752 1576 1809 ex
1598 1749 1726 1815 motu

559 1846 756 1958 prismatis
778 1851 818 1933 A
834 1850 925 1936 Bc
940 1846 1203 1934 foraminibus
1233 1850 1366 1935 Fut}
1392 1848 1627 1961 interpofiti,
1655 1851 1724 1940 in·

558 1970 733 2059 sidentia
755 1971 962 2061 radiorum
978 1973 1154 2059 diversos
1182 1969 1338 2057 colores
1355 1968 1619 2061 efficientium
1636 1999 1730 2063 tan.

561 2118 652 2185 tum
667 2098 858 2206 varietur,
885 2121 1085 2214 quantum
1109 2093 1279 2200 sufficiat
1301 2099 1360 2179 ad·
1378 2097 1612 2184 varietatem
1631 2100 1730 2186 effi·-
1759 2142 1768 2174 ι

561 2226 743 2317 ciendam
763 2226 948 2315 locorum
975 2232 1021 2337 P,
1043 2229 1099 2335 T,
1125 2228 1198 2311 &ce
1229 2224 1407 2333 ad'quos
1434 2223 1733 2337 refringantur,

562 2355 746 2465 quamvis
770 2375 907 2440 motus
932 2356 1004 2442 istc
1029 2354 1078 2439 stt
1094 2348 1318 2458 exiguus&
1337 2350 1498 2457 ineptus
1515 2349 1611 2438 huic
1628 2349 1728 2439 effe·

498 2465 509 2489 ’
564 2480 647 2571 &ui
661 2512 680 2583 3.
699 2499 852 2588 tamen,
866 2502 914 2566 ut
928 2479 1093 2589 suspicio
1105 2477 1169 2561 illa
1185 2473 1346 2583 prorsus
1369 2476 1581 2587 eximatur,
1613 2500 1731 2567 ante-

564 2604 649 2691 rius
675 2598 820 2715 prisma
839 2613 879 2692 A
899 2608 986 2691 BC
1005 2605 1055 2688 ad
1073 2604 1214 2687 alteras
1240 2622 1373 2710 partes
1393 2601 1648 2690 foraminisF
1668 2604 1727 2692 so·

566 2731 652 2818 lem
677 2733 810 2820 versus
839 2732 1116 2821 cattocandum
1144 2727 1213 2838 est,
1239 2750 1288 2813 ut
1326 2730 1427 2815 radii
1449 2730 1666 2819 incidentes
1683 2736 1726 2821 in

566 2852 746 2943 foramen
765 2864 805 2944 G
835 2856 988 2946 direste
1017 2860 1181 2945 veniant
1207 2882 1230 2938 a
1254 2850 1367 2939 disin
1386 2853 1581 2941 foramine
1597 2862 1649 2942 F:
1677 2888 1730 2945 eo

567 2979 678 3065 enirn
697 2982 829 3091 padio,
859 3011 956 3070 cum
980 2983 1176 3069 foramina
1198 2983 1289 3064 F&
1312 2984 1358 3062 G.
1377 2979 1571 3089 positione
1598 2984 1729 3070 deter-

568 3103 788 3215 minentur,
817 3110 965 3217 posrtio
985 3109 1190 3193 radiorum
1209 3128 1280 3212 per
1299 3123 1519 3217 utrumque
1543 3106 1729 3217 trajedio·

489 3308 496 3323 ,
567 3252 660 3317 mm
677 3226 1025 3336 determinabitur,
1058 3234 1275 3339 eademque
1312 3254 1493 3313 accurata
1527 3232 1604 3313 erit
1637 3258 1727 3313 om-

423 3400 427 3405 ·
569 3359 684 3459 nium
710 3358 940 3459 incidentia,
977 3361 1235 3462 quoscunque
1260 3350 1415 3431 colores
1439 3351 1729 3464 exhibentium,

343 3478 349 3485 ’
571 3469 616 3567 δῖ
639 3495 772 3560 tamen
807 3471 1136 3557 diversicolorum
1170 3466 1354 3557 resradiio
1384 3496 1478 3553 nou
1498 3470 1603 3556 secus
1640 3502 1729 3585 per.

498 3608 549 3719 „f
572 3620 715 3712 agetur
731 3600 782 3687 ad
812 3594 898 3685 loca
923 3595 1077 3681 diuersa
1100 3602 1146 3707 P,
1173 3597 1228 3702 T,
1250 3596 1323 3682 &o
1351 3618 1474 3707 quam
1498 3598 1624 3682 modo
1661 3626 1736 3684 ean·-
1830 3598 1833 3601 ’

444 3830 462 3877 ἵ,
476 3726 495 3781 ·’
576 3730 714 3849 plicui.

630 3988 697 4071 Ex
721 3977 941 4070 abundanti
960 3976 1132 4089 denique
1152 3977 1280 4086 placet
1296 3972 1421 4062 alium
1438 3976 1635 4065 recensere
1644 4008 1731 4066 mo·

578 4109 702 4223 dum„
717 4138 803 4227 quo
826 4107 1053 4195 heceadem
1070 4106 1217 4194 tentari
1235 4098 1404 4216 possent,
1424 4136 1474 4194 ne
1492 4107 1608 4218 copia
1633 4105 1731 4191 defit

1595 4244 1745 4339 cuper.»
