4028 5252
538 360 612 479 40
792 328 1369 434 mauraneum
1575 337 1669 440 sat.

542 563 683 670 itaque
710 553 806 637 HK
836 546 878 633 in
909 547 978 660 fig.
1004 570 1067 653 15·
1094 541 1224 629 vellis
1259 541 1416 652 ligneus
1443 543 1543 633 duas
1572 550 1698 637 tresve

546 688 662 774 ulnas
689 683 834 784 longus
857 701 927 762 aut
942 675 1128 785 amplius,
1154 670 1245 757 satis
1262 665 1405 755 crassus
1424 700 1474 757 ne
1491 678 1545 761 ob
1566 676 1702 790 longi·

546 814 730 900 tudinem
747 811 785 896 8(
802 807 958 916 pondus
979 800 1146 886 minime
1166 795 1315 885 inflesti
1339 819 1475 908 queat,
1502 806 1704 913 quadrua.

549 957 676 1041 terus,
705 928 957 1037 tellangulus
983 924 1194 1032 dirodina,
1220 950 1314 1008 cum
1336 919 1524 1011 lateribus
1547 932 1705 1038 oppofit

550 1064 603 1150 tis
620 1059 757 1147 exacte
771 1056 974 1168 parallelis.
1017 1050 1305 1139 Tumlamellae
1341 1051 1427 1134 duae
1446 1055 1522 1140 HI
1546 1059 1585 1142 8(
1615 1064 1706 1148 KL

549 1191 663 1302 supet
689 1215 815 1274 unum
832 1185 915 1294 ejus
939 1184 1041 1270 latus
1066 1184 1116 1267 ad
1136 1180 1305 1288 angulos
1323 1176 1453 1265 reslos
1477 1182 1707 1303 erigantur;

551 1325 639 1408 KL
657 1313 840 1429 proxime
864 1313 915 1396 ad
944 1335 1067 1393 unam
1092 1306 1399 1411 extremitatem,
1425 1311 1463 1396 81
1489 1314 1567 1397 HI
1598 1314 1709 1425 quasi

555 1470 732 1557 quatuor
751 1438 901 1551 digitos
927 1435 978 1522 ab
999 1432 1283 1537 alteridistans,
1299 1460 1471 1543 quarum
1494 1437 1708 1552 longitudo

558 1569 605 1654 srt
648 1570 772 1654 trium
814 1564 1040 1672 digitorum
1081 1581 1322 1672 quatuorve,
1364 1557 1537 1648 latitudo
1574 1589 1709 1654 autem

556 1701 735 1783 duorum
754 1690 815 1777 vel
835 1691 973 1773 trium.
1030 1687 1185 1775 Deinde
1212 1685 1387 1771 sumatur
1413 1691 1609 1778 vasculum
1633 1692 1706 1777 ali·

560 1820 669 1930 quod
685 1813 950 1926 cylindricum
978 1809 1042 1894 vel
1064 1805 1328 1918 prismiforme
1351 1815 1559 1903 Cquos
1584 1819 1711 1907 tresve

561 1942 712 2054 digitos
736 1937 877 2041 latum,
903 1934 1072 2044 longum
1096 1958 1194 2016 veto
1212 1956 1387 2044 quatuor
1424 1943 1488 2029 vel
1520 1945 1712 2060 quinque.

560 2072 658 2179 Ejus
694 2064 791 2150 bans
838 2061 952 2171 super
994 2056 1189 2143 lamellam
1229 2064 1306 2144 HI
1354 2090 1540 2154 cemento
1576 2074 1713 2186 aliquo

562 2188 849 2282 duro&tenaci
866 2185 1028 2296 figatur,
1046 2210 1092 2270 ac
1108 2187 1148 2270 in
1159 2213 1207 2272 eo
1218 2185 1292 2274 srtu
1310 2190 1490 2277 firmetur
1504 2223 1581 2305 ope
1590 2200 1715 2285 trabis

563 2326 609 2408 H
627 2328 665 2409 K
682 2319 788 2405 ultra
819 2312 1016 2400 lamellam
1049 2311 1197 2398 dietam
1225 2318 1306 2400 HI
1330 2316 1546 2427 produlia.
1601 2326 1717 2413 Tum

377 2530 384 2541 ,
566 2451 785 2562 trajiciatur
800 2447 885 2558 ejus
899 2439 1069 2547 fundum
1085 2444 1126 2553 in
1145 2445 1421 2555 medietatu&
1433 2448 1585 2538 lamella
1604 2454 1719 2545 simul

566 2608 693 2694 parvo
708 2576 902 2662 foramine
926 2577 974 2679 F,
1000 2590 1098 2681 puta
1115 2571 1268 2659 decima
1288 2598 1399 2685 parte
1414 2577 1532 2689 digiti
1558 2578 1655 2694 lato,
1681 2588 1720 2672 8(

567 2710 681 2819 juxta
701 2705 881 2793 foramen
908 2698 1012 2788 istud
1044 2698 1087 2783 in
1112 2698 1241 2789 alteri
1263 2698 1414 2789 lamellai
1437 2728 1603 2795 notetur
1617 2739 1718 2812 pun·

570 2834 684 2919 &um
700 2839 754 2933 R,
781 2830 896 2942 quod
915 2854 1027 2935 aeque
1042 2828 1159 2909 distat
1171 2855 1196 2906 a
1208 2831 1325 2911 trabe
1339 2856 1386 2914 ac
1405 2831 1501 2919 didi
1517 2832 1720 2921 foraminis

570 2975 754 3036 centrum
771 2981 783 3050 ;
809 2942 1025 3032 itascilicet
1045 2962 1091 3024 ut
1105 2943 1207 3025 linea
1234 2948 1318 3031 FR
1335 2977 1405 3060 per
1423 2983 1605 3047 centrum
1617 2958 1723 3048 fora·

571 3073 689 3156 minis
722 3070 771 3153 ad
797 3074 837 3153 R
869 3063 991 3149 dueta
1031 3062 1077 3147 lit
1105 3064 1285 3173 parallela
1316 3072 1562 3193 longitudini
1588 3087 1723 3191 trabis,

573 3197 760 3305 Denique
796 3192 985 3285 sumatur,
1007 3186 1165 3275 lamella
1195 3194 1337 3306 vitrea,
1375 3203 1504 3314 plana,
1531 3213 1656 3317 polita
1683 3218 1725 3299 δι

573 3319 831 3408 uniformiter
860 3310 992 3425 crassa,
1037 3344 1162 3431 eaque
1197 3322 1418 3435 applicetur
1443 3333 1493 3417 ad
1516 3330 1722 3438 planitiem

574 3445 737 3533 lamellae
765 3448 844 3532 HI
879 3439 1039 3530 vasculo
1067 3446 1147 3532 CF
1174 3447 1378 3537 obversam
1405 3453 1517 3560 super
1542 3449 1724 3547 foramen

575 3575 861 3681 F,&cemento
877 3565 1024 3682 figatur
1031 3566 1101 3680 ita,
1117 3591 1163 3655 ut
1183 3573 1381 3658 vasculum
1393 3573 1494 3659 istud
1505 3604 1615 3687 aquae
1625 3584 1728 3695 (qul

578 3698 797 3810 repleatur)
824 3712 907 3780 non
941 3696 987 3782 lit
1015 3694 1226 3805 pervium3
1252 3702 1291 3784 8<
1319 3723 1413 3782 cum
1431 3707 1574 3790 normal
1592 3706 1727 3823 aliqud

579 3821 650 3908 liat
670 3820 905 3932 periculum,
934 3848 985 3906 an
1011 3820 1077 3905 illa
1101 3820 1228 3904 vitrea
1252 3818 1405 3905 lamella
1431 3835 1728 3938 perpendicula.

581 3948 676 4032 riter
693 3945 838 4034 insistat
854 3945 970 4037 trabi.
1028 3944 1152 4052 Quod
1165 3941 1193 4026 fi
1207 3972 1289 4029 non
1307 3948 1527 4064 contingat,
1553 3966 1728 4075 corriga.

581 4103 648 4167 tur
667 4076 775 4184 satus,
802 4074 928 4163 donec
944 4071 1140 4162 fitexaste
1157 4075 1499 4187 perpendicularis.
1556 4090 1602 4172 In
1618 4091 1729 4195 cujus

1674 4221 1732 4305 rei
