4058 5258
281 336 403 443 Sed.
430 329 490 435 11.
534 328 821 432 Coronen
859 328 1250 438 Pannoniarum
1309 292 1431 481 ⁶233

283 551 482 637 foramine
513 544 548 633 F
553 545 598 652 f
612 569 739 628 unum
758 542 908 628 duosve
937 544 1090 655 digitos
1112 548 1195 636 lato
1220 558 1436 668 pertusum,

279 704 353 787 per
364 674 475 788 quod
492 670 562 757 lux
583 669 626 754 in
645 667 1039 779 prismatrajiciatur3
1068 676 1254 780 obicum
1272 679 1437 772 sciram

280 799 415 906 fuerit,
444 794 656 910 projicitur
685 795 728 878 in
763 820 959 904 papyrum
1000 798 1065 882 vel
1097 803 1271 909 quodvis
1300 806 1437 893 album

283 956 429 1039 corpus
447 928 502 1012 M
521 927 581 1028 N,
607 918 714 1031 quafi
746 916 891 1006 semisse
908 924 1018 1033 pedis
1040 954 1063 1010 a
1082 927 1261 1034 prismate
1280 933 1438 1044 postpo

284 1057 418 1159 satum,
442 1056 481 1138 8(
501 1047 657 1137 videbis
681 1049 949 1136 illuminatum
973 1052 1141 1161 spatium
1169 1057 1200 1137 P
1217 1057 1305 1149 ΥΤ
1324 1060 1361 1144 Z
1377 1091 1439 1148 ro·

287 1181 463 1269 cundum
487 1178 539 1263 ad
567 1177 737 1262 modum
763 1172 970 1266 foraminis
1004 1182 1037 1266 F
1044 1181 1089 1288 s,
1123 1182 1260 1268 album
1289 1185 1331 1272 in
1358 1195 1439 1296 ejus

285 1308 511 1416 medietate,
548 1305 763 1395 &duobus
796 1305 998 1396 semilunis
1031 1312 1217 1398 colorum
1251 1295 1438 1403 termina-

286 1459 392 1542 tum,
418 1434 675 1544 purpureo&
698 1433 864 1520 ceruleo
887 1436 938 1522 ad
957 1438 1003 1544 P,
1030 1432 1137 1523 flavo
1156 1460 1291 1551 autern
1312 1444 1352 1529 8(
1371 1470 1440 1528 ru·

287 1567 367 1652 beo
386 1566 436 1648 ad
449 1564 504 1668 T,
531 1563 603 1673 qui
629 1563 784 1648 colores
807 1563 998 1674 paulatim
1025 1565 1218 1652 deficiunt
1240 1570 1374 1652 versus
1405 1572 1440 1655 Y

287 1694 324 1780 8(
343 1687 394 1797 Ζ,
415 1688 485 1774 ubi
520 1686 619 1773 nulli
637 1688 805 1773 omniuo
822 1684 1130 1799 conspiciuntur.
1155 1746 1158 1751 »
1186 1693 1391 1798 Praeterea,
1413 1700 1440 1784 fi

287 1841 482 1929 papyrum
501 1815 550 1900 ad
574 1816 764 1923 majorem
774 1814 999 1903 distantiam
1022 1813 1214 1924 paulatim
1232 1816 1441 1925 distuleris,

291 1944 403 2029 velut
429 1943 478 2028 ad
505 1971 545 2025 m
561 1970 613 2050 n;
640 1940 795 2029 videbis
821 1943 976 2030 colores
995 1943 1380 2057 distendi&augeri,
1403 1951 1442 2033 8(

288 2068 565 2156 intermediam
583 2066 809 2156 albedinem
825 2063 947 2181 usque
964 2067 1200 2172 comminui,
1220 2067 1441 2178 dumpror·

287 2194 351 2283 sus
385 2195 603 2303 evanescat,
644 2215 861 2310 totumque
886 2192 1054 2304 spatium
1078 2191 1284 2278 coloribus
1301 2194 1442 2304 rubeo‘,

289 2321 412 2431 flavo,
457 2323 625 2410 ceruleo
655 2326 693 2409 8(
723 2347 927 2431 purpureo
958 2318 1134 2404 tintium
1163 2341 1376 2429 appaream
1404 2327 1455 2413 8(

289 2477 486 2562 papyrum
527 2448 688 2559 longius
728 2442 963 2549 differendo,
1018 2442 1199 2528 viriditas
1240 2471 1264 2549 e
1303 2447 1442 2530 medio

291 2593 481 2682 emerget,
496 2575 534 2657 8(
548 2570 693 2657 crescet
712 2594 799 2657 tum
817 2569 1081 2680 amplitudine
1104 2564 1231 2678 spatii,
1248 2591 1336 2652 tum
1355 2596 1442 2678 per·

291 2694 465 2781 tectione
482 2694 634 2805 speciei,
646 2716 862 2808 totumque
874 2695 1040 2807 spatium
1060 2693 1286 2779 coloratum
1305 2696 1461 2807 distra·,

292 2824 412 2909 betur
426 2826 468 2909 in
489 2823 714 2935 oblongam
732 2822 916 2909 formam.
972 2825 1158 2931 Quorum
1182 2822 1364 2908 omnium
1384 2849 1442 2907 ra·

292 2951 421 3037 tiones
440 2979 488 3035 ex
505 2950 735 3062 supradiffls
752 2953 1050 3066 depromantur.

348 3215 545 3310 Annae,
570 3201 595 3284 fi
625 3203 694 3285 lux
712 3202 917 3289 obstaculo
940 3206 987 3289 ad
1016 3206 1200 3315 quamvis
1218 3203 1443 3288 distantiam

290 3336 378 3443 post
411 3333 552 3446 prisma
584 3331 783 3418 collocato
817 3329 1069 3437 terminetur,
1115 3329 1330 3417 consimilis
1364 3329 1441 3414 erit

289 3460 472 3545 colorum
489 3458 708 3570 generatio
764 3456 824 3541 Sit
843 3484 881 3538 v.
897 3481 935 3566 g.
970 3458 1219 3544 obstaculum
1246 3461 1284 3542 G
1297 3482 1327 3565 g
1356 3455 1443 3563 (fig.

294 3594 380 3695 34.)
403 3588 645 3698 perforatum
674 3590 714 3672 in
734 3591 779 3694 F,
807 3585 913 3673 &ad
936 3586 1166 3677 ‚distantiam
1190 3590 1300 3695 pedis
1326 3586 1445 3668 unius

292 3735 361 3794 aut
387 3718 555 3825 amplius
583 3716 671 3823 post
695 3711 848 3829 prisma,
864 3722 901 3798 A
923 3716 1011 3795 BC
1036 3713 1290 3796 collocatum.
1346 3708 1445 3793 Pris-

292 3859 357 3917 ma
373 3859 505 3919 autern
525 3840 612 3921 satis
625 3824 804 3947 amplum
822 3829 1072 3935 adhibeatur,
1100 3832 1239 3942 (quale
1263 3861 1312 3917 ex
1335 3834 1445 3916 lami-

295 3960 357 4043 nis
394 3958 544 4060 vitreis,
574 3962 764 4069 utsupra,
790 3959 909 4072 poffis
933 3952 1111 4063 efficere)
1140 3986 1189 4041 ne
1217 3956 1286 4042 lux
1310 3955 1444 4040 omnis

295 4084 403 4196 prius
426 4084 542 4172 abeat
559 4083 600 4168 in
619 4086 787 4192 colores,
804 4115 923 4196 quam
942 4082 1113 4193 attingat
1138 4080 1317 4167 foramen
1333 4082 1378 4183 1³,
1405 4078 1445 4161 8(

832 4208 929 4298 Hh
1134 4236 1138 4245 ·
1372 4198 1445 4286 lux
