4078 5250
347 339 553 447 Sede.
628 326 1312 440 Lucrscononmns.
1391 364 1494 482 193

342 559 479 644 literas
498 578 530 634 x
548 555 586 640 dr
605 549 625 630 l
646 546 857 632 interiores
876 542 958 653 srta,
987 546 1057 633 ubi
1079 547 1225 637 scilicet
1239 552 1393 643 colores
1411 588 1498 646 om·

340 712 412 770 nes
430 672 749 767 commiscentur.
803 673 968 757 Etenim
986 673 1030 757 in
1045 681 1298 765 extremitate
1314 710 1345 763 x
1364 687 1496 773 versus

336 814 379 895 H
398 804 497 891 radii
517 798 784 887 viridisormes
801 798 950 883 cadunt
972 796 1056 904 soli,
1072 803 1319 913 quiproinde
1338 808 1495 919 tingent

335 927 636 1016 extremitatem
676 922 791 1009 istam
828 948 923 1008 curn
963 923 1179 1011 viriditate.
1235 933 1300 1015 Ad
1330 922 1496 1019 alteram

335 1075 473 1142 autem
505 1048 802 1137 extremitatem
820 1048 954 1136 versus
983 1046 1006 1130 1
1024 1050 1131 1136 nulia
1157 1054 1339 1141 miscetur
1356 1057 1495 1143 viridi·

335 1205 409 1283 tas,
434 1179 501 1262 sed
534 1199 709 1286 purpura
738 1194 895 1260 tantum
927 1202 1021 1260 curn
1053 1174 1212 1262 rubore.
1268 1182 1351 1290 Qui
1385 1182 1492 1269 dieta

335 1302 554 1415 perpendet
566 1303 688 1388 etiam
705 1296 816 1385 facile
832 1302 1045 1411 concipiet,
1063 1306 1189 1413 quod,
1208 1334 1298 1390 cum
1316 1335 1490 1421 papyrus

334 1427 542 1538 paululum
560 1422 918 1512 tranferaturultra
937 1428 1130 1541 citraque,
1138 1430 1292 1515 colores
1311 1433 1378 1516 alii
1389 1464 1487 1544 prae·

333 1578 396 1640 ter
413 1553 657 1639 viriditatem
676 1553 922 1660 apparebunt
946 1555 995 1638 ad
1022 1557 1317 1641 extremitatem
1345 1560 1490 1671 imagi·

329 1681 392 1765 nis
413 1679 544 1766 versus
560 1681 615 1761 H.
670 1678 733 1760 Sic
768 1675 953 1761 videlicet
987 1679 1091 1764 inter
1122 1685 1248 1793 Pacy
1264 1711 1487 1793 purpureus

330 1805 536 1916 apparebit
549 1800 803 1909 extrinsecus,
821 1802 961 1911 intery
983 1802 1022 1891 8<
1039 1833 1072 1886 x
1088 1806 1277 1893 caeruleus
1293 1812 1331 1895 8<
1347 1811 1487 1893 viridis

329 1927 379 2012 ad
399 1955 443 2035 x,
471 1928 611 2012 deinde
626 1923 754 2012 flavus
777 1927 882 2012 inter
899 1953 930 2007 x
950 1932 1052 2038 bez,
1076 1960 1122 2017 ac
1145 1929 1291 2016 rubeus
1313 1932 1487 2042 denique

263 2136 272 2149 ,
327 2054 376 2138 ad
393 2078 440 2160 z,
467 2054 651 2163 &postea
668 2074 874 2163 perpetuo.
930 2056 996 2141 Ad
1013 2058 1179 2142 alteram
1193 2078 1327 2139 autem
1340 2058 1484 2166 imagi-

324 2176 386 2264 nis
412 2182 708 2268 extremitatem
745 2179 878 2267 versus
903 2181 945 2265 T
972 2183 1086 2269 fitam
1113 2183 1260 2266 rubeus
1303 2183 1380 2267 erit
1416 2211 1484 2266 ex-

330 2303 532 2413 trinsecus,
560 2330 683 2416 atque
705 2311 731 2390 a
758 2308 800 2390 T
828 2311 1089 2415 progrediens
1108 2306 1263 2390 videbis
1291 2308 1483 2414 pallidum

325 2434 526 2540 quendam
544 2431 740 2528 colorem,
753 2457 860 2512 nunc
870 2432 920 2510 ad
937 2431 1122 2530 rubeum,
1139 2456 1247 2511 nunc
1261 2431 1310 2510 ad
1324 2432 1483 2514 caerule-

327 2577 399 2635 um
417 2550 599 2635 nonnihil
624 2573 873 2656 vergentem,
900 2575 973 2655 pro
997 2548 1111 2633 varii
1126 2549 1388 2656 proportione
1408 2553 1484 2636 mi-

325 2676 502 2777 storum;
550 2692 591 2753 at
623 2668 727 2754 ultra
756 2670 777 2748 l
808 2694 982 2774 purpura
1019 2670 1171 2777 semper
1205 2670 1481 2779 conspicietur.

328 2801 545 2904 Caeterum,
560 2817 653 2880 cum
673 2788 857 2876 distantia
875 2790 979 2872 inter
990 2818 1025 2898 y
1042 2793 1081 2878 8<
1097 2816 1130 2872 z
1159 2791 1272 2877 valde
1286 2819 1407 2901 parva
1422 2793 1483 2904 fit,

322 2921 510 3012 &multo
527 2918 653 3030 magis
667 2914 850 3002 distantia
867 2914 973 2999 inter
1004 2914 1229 3003 X&ts1ve
1247 2944 1278 2997 x
1292 2919 1374 3021 acl,
1402 2918 1481 3008 hoc

321 3052 378 3136 est
411 3050 582 3134 latitudo
618 3046 733 3130 limbi
767 3040 951 3148 colorati,
987 3066 1152 3153 propter
1184 3043 1377 3132 summam
1395 3049 1480 3155 ejus

322 3174 544 3261 exilitatem
568 3166 798 3279 conspebiui
829 3169 899 3253 vix
932 3167 1099 3276 patebit,
1126 3168 1189 3255 sed
1209 3188 1347 3256 toturn
1362 3173 1480 3280 spati·

321 3330 394 3391 um
411 3329 443 3383 x
461 3304 502 3386 X
520 3316 540 3380 t
556 3297 663 3386 lnisr
681 3298 810 3383 acrius
829 3293 1052 3379 observanti
1067 3296 1274 3407 apparebit
1288 3300 1439 3405 album.

371 3561 478 3643 Con
511 3553 592 3639 hac
623 3545 887 3653 advertissem,
916 3546 1146 3656 experiebar
1173 3549 1316 3635 deinde
1341 3580 1392 3635 an
1417 3579 1477 3634 re·

318 3683 552 3790 sponderent
568 3678 864 3788 praconceptis,
893 3679 931 3762 8(
954 3676 1047 3759 licet
1074 3674 1376 3760 male.success1t
1396 3679 1476 3783 pri·

321 3833 404 3904 m0,
439 3792 534 3887 dum
562 3807 703 3890 utebar
719 3803 883 3913 angusti
900 3801 1019 3905 lente,
1047 3798 1181 3903 postea
1208 3821 1357 3907 tamen,
1376 3830 1471 3887 cum

318 3924 484 4009 adhibui
500 3924 646 4007 lentem
662 3929 709 4007 ed
721 3929 769 4009 de
783 3922 898 4011 causei
908 3922 1103 4023 latiorem,
1114 3940 1162 4001 ut
1172 3924 1340 4031 angulus
1356 3928 1396 4004 X
1409 3927 1474 4005 Yt

320 4047 399 4138 srve
414 4072 445 4129 x
451 4071 487 4155 y
505 4042 535 4154 l,
561 4048 707 4133 &inde
732 4049 798 4127 xl
814 4050 1000 4148 srveXt,
1028 4039 1105 4125 hoc
1126 4042 1195 4149 est,
1224 4044 1396 4130 latitudo
1416 4043 1475 4127 di·

233 4184 240 4197 ‘
339 4209 342 4215 ¹
880 4176 919 4257 C
948 4199 970 4255 c
1411 4162 1466 4250 cti
