4078 5250
340 318 525 436 Sesti.
670 316 846 420 Lucra
885 311 1227 416 Cotomaus.
1337 306 1499 457 [147]

343 563 533 640 amoram
562 541 604 627 de
629 534 761 623 causis
798 532 1001 647 inquirere
1034 532 1297 642 conabantur,
1324 557 1371 620 ut
1401 539 1509 648 Epi·

343 671 455 764 eurei
467 677 509 758 δι
524 664 591 753 alii
611 661 867 750 recentiores.
930 665 1034 774 Qua
1055 659 1309 774 Peripatetici
1329 663 1497 753 dehisce

346 800 559 906 tradidere,
586 787 658 879 etfi
687 812 783 879 vera
798 784 949 897 forent,
975 811 1111 876 tamen
1137 791 1186 875 ad
1207 788 1387 876 noslrum
1408 818 1503 903 pro·

345 923 520 1040 positum
538 918 641 1009 nihil
664 915 868 1005 valerent:
895 915 1061 1031 quippe,
1088 918 1187 1003 dum
1207 916 1388 1022 modurn,
1414 946 1500 1036 quo

347 1068 603 1162 generantur,
643 1049 683 1134 8r
711 1044 858 1150 causas,
900 1042 1009 1129 unde
1032 1041 1139 1128 fiunt
1171 1065 1255 1128 tam
1276 1046 1389 1153 varii,
1417 1072 1501 1136 non

347 1178 562 1287 attingant.
617 1172 783 1259 Etenim
815 1171 873 1257 illi
901 1172 953 1256 de
980 1169 1260 1281 originibus&
1292 1175 1410 1261 variis
1438 1201 1499 1261 re·

351 1332 443 1391 rum
482 1299 683 1413 speciebus
713 1298 960 1407 disputantes
997 1321 1074 1404 pro
1106 1300 1241 1404 causis,
1269 1326 1319 1384 ex
1353 1303 1500 1421 quibus

349 1430 522 1540 iphrum
539 1421 788 1511 existentiam
806 1426 844 1510 8<
873 1419 1081 1506 discrimen
1098 1442 1346 1532 mutuantur,
1372 1428 1501 1514 varias

351 1555 542 1668 quasdam
567 1550 717 1635 sormas
736 1542 994 1658 assignarunt,
1021 1568 1164 1632 verum
1190 1549 1239 1634 de
1273 1553 1502 1659 particulari

345 1679 517 1790 cujusvis
540 1676 681 1763 sormn
715 1673 894 1761 causi&
921 1674 1091 1780 ratione,
1119 1673 1175 1760 ob
1210 1701 1334 1786 quam
1368 1674 1501 1765 differt

352 1809 404 1893 ab
432 1805 534 1912 aliis,
576 1803 685 1888 haud
719 1826 900 1915 unquam
933 1797 1153 1913 quicquam
1175 1798 1394 1890 disseruere.
1448 1810 1504 1890 Et

355 1935 406 2020 fic
442 1959 487 2018 ea
518 1928 697 2016 iecerunt
723 1924 847 2035 misb,
873 1952 1052 2039 quorum
1090 1926 1306 2044 explicatio
1341 1932 1502 2018 videtur

351 2063 552 2148 summum
583 2055 885 2168 philosopomm
925 2050 1122 2166 officium,
1164 2057 1249 2146 imo
1297 2085 1385 2169 quae
1424 2056 1506 2144 sola

350 2205 529 2274 mentem
548 2179 716 2270 scientia
730 2179 923 2270 naturalis
946 2178 1107 2268 avidam
1123 2183 1282 2293 explere
1313 2181 1477 2293 polhnt.

404 2444 671 2535 Arsaniam,
700 2459 751 2514 ne
775 2455 958 2516 mancam
987 2429 1281 2537 philosophiam
1305 2435 1504 2522 tradidisse

353 2561 601 2661 viderentur,
636 2550 868 2657 effecerunt,
915 2575 962 2635 ut
995 2555 1188 2659 ejusmodi
1217 2555 1507 2664 disquisitiones

357 2712 435 2800 pro
450 2679 623 2769 martinae
643 2673 875 2761 absurdis&
893 2674 1069 2760 ridendis
1087 2675 1308 2761 habeantur
1326 2713 1338 2783 3
1365 2700 1510 2788 utpote

355 2836 448 2927 qun
479 2807 707 2918 supponunt
729 2795 954 2888 formarum
971 2794 1045 2889 elle
1058 2799 1153 2889 alias
1168 2798 1330 2913 formas,
1357 2812 1512 2918 &qua-

358 2943 493 3029 litates
506 2936 761 3052 qualitatum.
818 2933 961 3044 Itaque
994 2960 1089 3018 cum
1117 2932 1189 3019 lux
1207 2933 1418 3022 definiatur
1435 2935 1511 3027 elle

355 3065 532 3182 qualitas
552 3063 617 3152 vel
637 3062 782 3170 fornia,
809 3087 898 3175 quae
930 3061 998 3146 dat
1025 3055 1098 3147 else
1116 3060 1312 3172 lucidum,
1339 3095 1423 3152 non
1441 3096 1512 3154 err·
1571 3166 1582 3185 ..

357 3193 602 3311 podendum
620 3194 690 3298 est,
717 3213 764 3277 ur
779 3190 933 3304 aliquid
965 3190 1016 3278 de
1040 3193 1124 3301 ejus
1148 3194 1270 3281 caulis
1288 3197 1510 3308 audiamus,

356 3328 424 3415 vel
442 3328 526 3442 qui
547 3323 702 3410 tatione
718 3322 770 3408 ad
789 3321 925 3409 varios
941 3322 1099 3410 colores
1129 3327 1407 3436 producendos
1437 3329 1509 3416 fiat

357 3457 479 3543 varia.
535 3455 692 3579 Dicunt
725 3454 928 3569 equidem,
961 3454 1078 3565 quod
1111 3454 1202 3567 plus
1232 3457 1395 3545 luminis
1420 3460 1511 3573 qui·

353 3583 519 3672 busdam
555 3580 761 3670 coloribus
788 3580 1047 3688 immiscetur,
1074 3609 1199 3694 quam
1224 3584 1337 3672 aliis:
1365 3587 1511 3672 athon

356 3734 445 3791 non
464 3705 611 3794 sufficit
645 3708 696 3793 ad
733 3732 878 3794 eorum
915 3705 1244 3816 productionem,
1272 3733 1365 3795 tum
1398 3713 1512 3826 quod

360 3829 494 3916 nullus
512 3832 681 3919 omnino
699 3834 814 3920 color
847 3862 898 3921 ex
930 3831 1117 3920 albedine
1149 3833 1425 3946 &nigredine
1455 3835 1515 3920 so-

362 3944 577 4041 lummodo
598 3958 735 4045 mixtis
754 3982 895 4072 praeter
913 3958 1042 4046 fuscos
1062 3958 1322 4048 intermedius
1352 3987 1515 4072 genera·

354 4098 466 4191 ttu3
493 4106 584 4173 tum
615 4087 729 4197 quod
769 4087 973 4200 quantitas
1004 4084 1105 4175 lucis
1123 4113 1209 4180 non
1242 4111 1373 4179 mutat
1392 4085 1515 4198 speci·
1611 4142 1614 4147 -

867 4219 933 4318 [U
952 4218 1000 4320 2]
1455 4235 1521 4300 em
