4028 5252
310 403 529 514 stetu·
613 394 1209 503 Raanao‘rrouuu.
1391 426 1461 548 57

312 622 446 727 Jamlr
469 616 642 707 latitudo
668 618 786 725 hujus
806 613 992 725 imaginis
1017 608 1068 704 ab
1097 617 1180 725 ejus
1208 615 1462 729 longltudine

310 747 577 854 subtrahatur,
605 746 783 837 manebit
825 767 898 853 tog
932 742 1051 856 digiti
1088 772 1162 855 pro
1194 740 1463 859 longitudine,
1530 794 1536 801 ·

306 901 428 985 quam
446 873 593 960 habere
615 865 824 974 debuillet,
853 867 881 950 st
906 868 998 955 solis
1025 866 1154 955 discus
1174 866 1240 981 (u
1255 869 1463 963 foraminis
1615 892 1618 901 ’

303 1005 336 1087 F
355 1003 570 1105 diameter)
599 992 731 1084 fuiss'et
748 993 906 1080 infinite
926 1022 1096 1107 parvus3
1123 992 1203 1085 hoe
1218 997 1288 1101 est,
1315 996 1344 1079 fi
1364 1001 1465 1085 radii

305 1122 548 1211 adveniffent
568 1152 707 1211 omnes
723 1123 765 1209 in
784 1123 925 1208 eidem
943 1119 1053 1207 redii
1072 1125 1173 1207 OF.
1228 1124 1308 1211 Ista
1324 1125 1464 1245 itaque

307 1250 410 1338 linea
449 1261 551 1358 104
586 1254 669 1362 dig.
722 1249 924 1336 subtendit
961 1248 1171 1360 angulum,
1211 1278 1335 1364 quem
1366 1256 1465 1343 radii

308 1377 393 1461 duo
412 1376 587 1463 fimititer
602 1377 823 1463 incidentes
845 1402 913 1485 per
935 1374 1245 1487 inequalitatem
1260 1380 1464 1469 refratiio·

307 1502 371 1589 nis
389 1502 653 1606 constituunt,
693 1527 868 1612 quotum
913 1500 1016 1584 alter
1059 1499 1234 1585 maxime
1281 1504 1465 1589 omnium

308 1627 488 1714 fimllitet
517 1624 781 1715 incidentium
814 1625 971 1717 &alter
996 1625 1163 1712 minime
1193 1628 1379 1711 omnium
1406 1657 1468 1713 re·

307 1751 512 1865 fringitur,
538 1752 612 1867 qui
627 1753 797 1864 proinde
819 1752 992 1865 angulus
1014 1780 1066 1838 ex
1088 1750 1242 1840 calculo
1270 1754 1467 1864 reperitur

307 1897 370 1997 2⁰,
407 1886 480 1967 18'.
534 1887 703 1991 Vemm,
744 1910 839 1972 cunr
872 1881 1048 1995 angulus
1073 1882 1145 1969 iste
1172 1881 1266 1968 bina
1294 1882 1468 1970 refrabti·

309 2037 390 2096 one
402 2013 451 2098 ad
470 2013 511 2096 X
528 2013 567 2101 8(
582 2014 618 2098 Y
632 2009 883 2122 conficiatur,
901 2016 941 2102 8(
964 2032 1163 2125 preterea,
1182 2039 1277 2098 cum
1296 2035 1468 2127 utraque

305 2137 553 2253 supponatur
577 2142 752 2257 aqualis,
777 2140 954 2229 calculus
974 2142 1027 2228 ad
1052 2142 1130 2229 hoc
1147 2142 1361 2254 negotium
1375 2143 1469 2230 fatis

304 2292 510 2361 accuratus
524 2300 576 2358 ex
594 2273 716 2360 unica
736 2290 899 2359 tantum
927 2268 1164 2357 castallione
1180 2274 1331 2382 poterit
1358 2272 1469 2358 insti·

304 2397 382 2501 tui,
409 2421 610 2509 putaque
632 2395 849 2482 conficitur
876 2397 927 2483 ad
946 2396 1051 2482 latus
1074 2399 1178 2483 BC·
1232 2399 1411 2508 Etenim,
1436 2395 1467 2480 st

305 2523 510 2608 verticalis
545 2522 720 2629 angulus
733 2528 775 2606 A
790 2525 875 2607 CB
906 2521 1028 2631 plano
1061 2525 1154 2609 DC
1187 2523 1396 2627 bisecetur‚
1428 2527 1469 2610 8(

308 2644 482 2722 alterum
498 2639 698 2743 prismatis
715 2640 932 2722 dimidium
951 2649 991 2724 D
1006 2645 1096 2722 CB
1117 2642 1183 2722 vel
1203 2648 1245 2721 D
1263 2647 1301 2722 C
1318 2651 1357 2722 A
1373 2671 1470 2726 con·

308 2759 483 2870 cipiatut
510 2753 614 2864 tolli,
641 2753 829 2841 refrafilio
848 2760 897 2843 ad
918 2759 1090 2843 alterurn
1112 2758 1329 2845 dimidium
1350 2758 1469 2871 faeta,

307 2888 430 2974 radiis
448 2883 617 2996 oblique
635 2884 904 2970 incidentibus
924 2886 965 2972 in
989 2894 1029 2975 A
1048 2891 1087 2975 C
1104 2890 1143 2978 8(
1169 2885 1468 2998 perpendicula·

306 3014 405 3100 riter
437 3011 734 3122 emergentibus
755 3038 778 3095 e
796 3011 917 3098 latere
943 3021 985 3100 D
1004 3017 1057 3121 C,
1086 3013 1152 3099 vel
1171 3015 1468 3124 perpendicula·

305 3146 403 3228 riter
418 3198 421 3207 -
437 3142 707 3228 incidentibus
732 3142 774 3225 in
805 3140 909 3233 latus
938 3147 1033 3228 DC
1060 3142 1278 3229 secundum
1304 3144 1463 3234 unicam

305 3271 451 3355 lineam
474 3270 676 3380 quandam
690 3270 732 3351 X
748 3269 783 3351 Y
802 3271 841 3356 8(
860 3267 1029 3382 oblique
1045 3269 1341 3379 emergentibus
1356 3298 1378 3355 e
1406 3272 1466 3356 la·

306 3415 389 3482 tere
405 3398 440 3477 B
456 3399 516 3480 C:
544 3392 765 3499 Refratiio,
797 3394 977 3507 inquam,
1006 3393 1056 3481 stc
1081 3395 1130 3480 ad
1149 3395 1322 3480 alterum
1343 3398 1462 3481 dimi·

305 3525 417 3609 dium
452 3519 568 3628 taeta,
595 3520 701 3606 foret
729 3521 889 3607 semiffis
916 3522 1163 3610 reltailionis
1189 3526 1239 3609 ad
1259 3523 1471 3632 integrum·

304 3651 460 3761 prisma,
489 3649 661 3736 simodo
678 3650 843 3734 unicum
869 3654 1085 3762 quodpiam
1113 3653 1318 3738 radiorum
1335 3659 1463 3742 medi·

303 3782 454 3864 ocriter
470 3777 789 3891 refrangibilium
808 3806 934 3893 genus
949 3781 1158 3889 spolietur.
1213 3784 1462 3890 Quinetiam,

304 3900 487 3993 sicaetera
514 3910 652 3991 omnia
684 3905 889 3991 radiorum
917 3930 1061 4014 genera
1083 3905 1196 3992 srmul
1222 3904 1461 4016 spectentur,

303 4023 459 4115 affertio
481 4028 560 4133 illa,
586 4030 681 4117 licet
702 4060 786 4118 non
809 4032 980 4142 amplius
997 4031 1042 4118 lit
1068 4034 1247 4123 absolute
1265 4062 1371 4139 vera,
1399 4052 1461 4115 ta-

300 4182 396 4245 men
413 4154 573 4246 veritati
590 4179 673 4246 tam
690 4160 875 4271 proxime
888 4163 1063 4268 accedet,
1089 4183 1136 4248 ut
1150 4163 1283 4273 quoad
1307 4156 1459 4244 sensum

870 4290 891 4371 1
1422 4289 1461 4372 8(
