4028 5252
183 332 191 339 ⁵
315 350 510 465 seul.
609 344 1302 452 Rururucrmtrnus.
1411 374 1483 486 29

316 712 495 827 XXIII.
528 699 688 852 Qud
725 702 778 811 in
792 699 1014 813 adeledis
1039 704 1364 852 experimentis
1404 754 1475 823 re-

367 872 636 1023 srellieeres
672 902 762 975 non
797 863 906 1015 casu
936 857 1069 1008 fiunt
1106 868 1358 1022 inequales,
1399 915 1476 987 ne.

385 1080 472 1306 ἷκε
498 1031 598 1146 alit
635 1019 774 1177 causi
809 1065 952 1182 quam
988 1027 1202 1182 inequeli
1238 1028 1475 1188 refringi.

414 1193 581 1309 ditate.

373 1449 425 1529 δι
454 1444 537 1551 ‘pam
565 1442 727 1549 objiciat
753 1438 908 1549 timuis,
950 1438 1062 1547 quod
1091 1439 1134 1523 in
1169 1437 1473 1535 retractionibus

317 1573 484 1685 quidem
502 1571 620 1656 detur
636 1567 923 1679 irregularitas,
947 1564 1119 1652 sedeam
1139 1561 1213 1650 elle
1235 1571 1472 1686 contingen·

313 1723 412 1808 tem,
439 1700 479 1785 de
510 1722 596 1781 non
625 1720 676 1777 ex
699 1689 846 1802 praevid
872 1690 1080 1778 radiorum
1101 1687 1369 1803 dispofitione,
1405 1700 1472 1785 vel

314 1825 406 1910 ullis
435 1821 555 1908 certis
578 1817 732 1929 legibus
750 1838 915 1922 ortam;
944 1813 1177 1927 respondeo,
1203 1821 1314 1926 quod
1332 1821 1472 1936 imago

315 1949 408 2034 solis
437 1943 606 2058 prefata,
633 1944 662 2031 Ii
690 1943 811 2030 radiis
836 1937 945 2027 nulli
960 1940 1049 2052 lege
1068 1938 1245 2029 refradiis
1270 1943 1383 2032 fieret
1398 1949 1473 2036 ob·

311 2077 446 2191 longa,
472 2103 555 2161 non
584 2066 712 2186 posset
741 2070 786 2157 in
812 2070 938 2157 lineas
953 2068 1081 2158 redas
1107 2070 1323 2160 secundum
1338 2074 1472 2190 longi·

310 2208 493 2294 tudinem
517 2199 629 2289 suam
662 2197 848 2287 distinete
863 2198 1087 2309 terminari,
1115 2199 1212 2288 ficut
1235 2202 1286 2287 ad
1302 2200 1473 2313 figuram

307 2337 492 2448 quintam
514 2327 713 2415 ostensum
730 2327 801 2414 est.
855 2325 1090 2436 Quinetiam
1116 2355 1198 2414 noo
1216 2329 1384 2416 omnino
1404 2331 1474 2418 de·

308 2460 420 2547 beret
454 2453 528 2541 elle
558 2452 749 2566 oblonga,
784 2451 849 2538 sed
868 2474 980 2563 parte
1011 2455 1094 2562 ejus
1117 2455 1251 2543 medid
1278 2461 1314 2549 8<
1345 2459 1471 2569 magis

311 2580 517 2691 splendidi
543 2579 587 2664 in
616 2607 773 2663 morem
789 2576 899 2664 orbis
929 2573 1085 2690 effingi,
1112 2578 1358 2692 senlibilique
1389 2607 1470 2670 ter·

315 2706 437 2791 mino
472 2700 656 2811 distingui
678 2702 729 2786 ab
756 2701 918 2791 erratici
945 2706 1035 2792 luce
1074 2704 1260 2789 debiliori
1292 2734 1487 2815 quaqua·-

313 2825 474 2920 versum
490 2825 678 2940 dipem:
701 2826 865 2939 perinde
883 2854 930 2919 ut
950 2831 1007 2919 sol
1028 2852 1205 2945 apparet,
1226 2855 1320 2918 cum
1349 2833 1470 2921 nubi·

308 2961 384 3049 bus
417 2987 520 3072 pene
538 2954 787 3065 obscuratur,
825 2955 892 3045 vel
919 2980 968 3044 ut
995 2961 1079 3069 ejus
1109 2960 1247 3072 Imago
1274 2961 1467 3070 cernitur,

308 3114 403 3173 cum
418 3084 616 3196 trajicitur
637 3112 706 3195 per
733 3081 926 3170 laminam
946 3087 1116 3174 vitream
1133 3086 1325 3199 parallelis
1340 3086 1467 3199 planis

310 3211 578 3320 terminatam,
604 3214 642 3297 dr
672 3206 802 3295 halitu
827 3208 893 3292 vel
919 3206 1036 3298 fumo
1064 3212 1214 3299 levitur
1234 3211 1467 3325 obdud'tam,

307 3361 353 3425 ut
389 3339 457 3425 lux
476 3341 581 3424 inter
599 3335 902 3445 refringendum
940 3339 1149 3448 paululum
1185 3342 1464 3427 conturbetur.

307 3462 469 3568 Adhuc,
487 3463 513 3548 fi
530 3465 614 3550 duo
625 3460 811 3572 prismata
821 3457 962 3551 similia
975 3469 1157 3553 ABC&
1170 3463 1256 3547 abc
1279 3464 1367 3578 (lig.
1383 3470 1466 3575 10.)

303 3600 415 3706 juxta
447 3611 651 3702 ponantur
684 3587 902 3674 secundum
928 3590 1199 3704 longitudines
1231 3593 1317 3681 suas
1340 3595 1466 3705 paral·

305 3711 394 3823 leia,
421 3745 514 3802 cum
526 3713 717 3800 lateribus
729 3711 906 3822 planisA
923 3721 961 3803 C
979 3724 1018 3806 de
1034 3748 1060 3799 a
1078 3742 1113 3825 c,
1141 3722 1235 3805 ut&
1255 3722 1340 3805 BC
1356 3722 1394 3807 de
1408 3719 1467 3802 bc

307 3841 512 3950 parallelis,
537 3846 575 3930 81
594 3839 624 3924 fi
645 3839 701 3926 sol
721 3838 953 3930 transsuceat
969 3867 1184 3956 utrumque
1207 3843 1395 3932 inlocum
1415 3847 1465 3955 Z,

308 3960 380 4049 ubi
410 3993 554 4074 corpus
584 3996 754 4077 opacum
785 3967 866 4055 luci
890 3970 1039 4058 dircite
1065 3970 1302 4081 opponitur,
1344 3973 1465 4055 radiis

306 4109 442 4178 tamen
458 4090 542 4201 ejus
568 4117 637 4201 per
654 4094 876 4185 orbiculare
894 4095 1076 4190 foramen
1102 4103 1134 4186 F
1154 4100 1263 4209 prius
1278 4093 1466 4207 trajediis,

1049 4236 1058 4247 ·
1391 4215 1465 4307 lux
