4058 5258
284 388 412 491 Stel.
448 383 507 483 ΙΙ.
547 379 840 482 Cotonuu
879 334 1268 493 Punuoueurs.
1335 414 1443 539 239

283 600 390 692 &stc
406 605 457 689 de
476 595 661 712 reliquis:
687 594 801 681 Adeo
816 617 863 683 ut
879 625 1021 687 omnes
1044 604 1228 693 omnium
1246 635 1439 721 generum

284 729 384 818 radii
408 722 544 839 passrm
569 749 639 833 per
659 721 830 832 spatium
853 724 946 809 PH
964 728 1000 812 L
1016 729 1057 814 T
1083 732 1337 846 misceantur,
1360 742 1438 829 ibi.

283 861 457 968 demque
471 870 719 985 componant
737 846 976 936 albedinem.
1033 857 1106 941 Sed
1123 862 1347 950 notandum
1367 871 1437 977 est,

284 982 412 1098 quod,
427 1003 523 1065 curn
539 975 609 1059 lux
631 967 867 1058 resradlione
876 976 1027 1088 semper
1046 980 1291 1093 debilitatur,
1319 994 1446 1080 radiis„

285 1098 592 1220 quamplurimis
627 1099 732 1181 inter
769 1096 1055 1188 reflefibendum
1092 1105 1250 1215 amiffis,
1295 1115 1436 1204 exinde
1486 1120 1487 1123 ‘

285 1231 416 1320 forsan
435 1227 605 1330 eveniat,
620 1222 730 1331 quod
752 1224 821 1309 lux
838 1226 987 1315 direda
1010 1232 1195 1319 nonnihil
1211 1241 1438 1345 praevalebit

282 1354 450 1458 reflexa,
475 1349 645 1437 &color
668 1349 751 1455 ejus
770 1351 1058 1473 dominabitur,
1083 1357 1437 1475 nisrcompensatio

283 1488 369 1590 fiet,
400 1482 456 1566 ita
472 1503 667 1589 papyrum
697 1477 941 1591 inclinando,
969 1504 1016 1567 ut
1042 1483 1192 1572 direbla
1220 1488 1292 1574 lux
1313 1497 1441 1603 paulo·
1473 1593 1474 1598 Ν

283 1606 489 1719 obliquius
521 1603 562 1686 in
588 1628 677 1687 eam
703 1603 854 1691 incidat
881 1633 1004 1716 quam
1029 1606 1188 1720 reflexa,
1215 1616 1265 1699 de
1291 1621 1373 1729 qud
1392 1627 1438 1706 re'

281 1736 395 1824 facile
413 1726 614 1838 judicium
629 1724 730 1814 feras
757 1755 807 1815 ex
821 1729 1065 1855 perfessione
1089 1734 1285 1824 albedinis
1301 1768 1431 1829 emer.

283 1881 435 1977 gentis.

333 2118 618 2211 Auraouan
659 2107 713 2194 ad
746 2106 855 2196 aliud
896 2084 1264 2222 experimentorum
1306 2142 1431 2230 genus

91 2319 97 2325 .
277 2238 445 2341 transeo,
470 2227 724 2325 necessarium
738 2234 830 2340 erit,
857 2253 905 2320 ut
922 2231 1098 2322 fot-mam
1117 2238 1304 2353 imaginis
1319 2244 1440 2332 colo-⁴

278 2385 385 2474 rata,
410 2387 535 2478 quam
566 2361 639 2444 lux
670 2386 741 2468 per
772 2358 929 2448 ardum
950 2362 1175 2449 orbiculare
1193 2368 1372 2457 foramen
1387 2373 1439 2461 in⁴

277 2490 530 2584 tenebrosum
556 2488 788 2590 cubiculum
815 2489 1002 2595 influens,
1035 2494 1169 2600 &per
1192 2494 1335 2603 prisma
1363 2502 1439 2584 de·-

278 2620 373 2704 inde
386 2607 600 2699 trannmffa
621 2607 796 2722 effingit,
815 2615 936 2722 paulo
963 2616 1091 2728 magis
1109 2615 1350 2707 articulatim
1367 2624 1429 2710 in·

164 2822 166 2825 ,
276 2741 498 2848 spiciamus,
519 2738 558 2823 8(
583 2732 828 2846 fingulorum
851 2740 938 2847 ejus
960 2738 1142 2829 colorum
1166 2741 1442 2835 dimensiones«

276 2877 322 2956 ae
350 2863 552 2953 distantias
582 2861 633 2961 ab
660 2861 847 2972 invicem,
872 2893 1054 2973 necnon
1083 2864 1425 2982 refrangibilitatis

277 2993 423 3105 gradus
455 2983 616 3097 singulis
659 2984 864 3073 radiorum
907 2992 1119 3101 generibus
1155 3016 1441 3105 competentes

275 3116 412 3203 sedulo
426 3114 640 3199 rimemur..

325 3367 723 3451 Ossetsuuaawa
750 3354 821 3444 sub
855 3359 991 3470 initio,
1018 3370 1143 3480 quod,
1178 3369 1246 3456 ubi
1284 3370 1437 3480 prisma.

272 3490 406 3597 (cujus
419 3485 590 3597 angulus
608 3481 805 3572 verticalis
820 3510 905 3573 erat
921 3490 1032 3601 quast
1057 3509 1109 3602 63
1127 3497 1259 3608 grad.)
1286 3495 1426 3609 imagi.

271 3641 363 3702 nem
385 3614 447 3699 ad.
462 3611 699 3728 distantiam·
737 3641 786 3699 aa
819 3616 968 3724 pedum
1001 3623 1262 3732 projiciebat,
1290 3624 1424 3737 longi.

272 3786 373 3871 tudo
386 3786 469 3893 ejus
491 3804 575 3871 erat
595 3794 675 3897 13}
690 3789 773 3899 dig.
802 3790 1033 3878 &latitudo
1050 3771 1118 3921 a}
1148 3794 1229 3904 dig.
1285 3798 1421 3886 Adeo·

269 3984 351 4072 que
378 3975 516 4038 centra
541 3958 787 4046 extimorum
816 3961 1075 4067 circulorum,
1116 3992 1168 4052 ex
1200 3963 1348 4075 quibus
1375 3965 1420 4051 in

267 4132 436 4243 longum
451 4121 644 4241 dispositis
666 4126 802 4242 imago
819 4132 884 4224 illa
901 4131 1092 4244 constitit,
1105 4133 1311 4228 distabant
1334 4109 1421 4264 ηοξ

1336 4303 1436 4420 dig„
1570 4288 1573 4295 ’
