4128 5240
569 352 636 476 88
865 352 961 457 Dn
1001 355 1399 458 Ptrnonun
1559 362 1657 467 Par.
1698 362 1733 466 Ι.

622 633 796 715 Veron
829 626 1053 736 enimvero,
1076 650 1174 713 cum
1204 625 1343 736 anguli
1371 631 1404 711 P
1422 631 1463 713 X
1480 629 1521 716 T
1540 632 1730 720 determi-

566 757 679 846 natio
699 784 749 841 eo
764 755 928 867 spedet,
955 776 1003 841 ut
1020 753 1218 861 noscatur,
1234 777 1385 870 quanta
1404 754 1450 841 srt
1462 744 1730 870 objectorum,

570 885 771 972 mediante
801 882 1040 970 refradlione
1065 882 1257 993 visorum,
1285 906 1448 996 propter
1475 886 1730 997 inaequabiles

570 1008 812 1127 ablimilium
840 1007 1048 1094 radiorum
1074 1006 1329 1098 relradliones
1358 1007 1551 1116 conlusio,
1578 1037 1729 1123 perque

570 1161 769 1253 quantum
793 1135 965 1249 spatium
994 1135 1161 1224 colores
1188 1137 1283 1221 inde
1313 1161 1562 1249 emergentes
1593 1160 1732 1228 exten·

571 1271 741 1374 duntur,
771 1265 1114 1380 quemadmodum
1146 1284 1286 1374 pateat
1311 1266 1577 1377 concipiendo
1603 1265 1732 1354 Pelle
1815 1378 1819 1387 .

574 1396 773 1503 punctum
789 1397 980 1503 lucidum,
1007 1396 1117 1505 quod
1142 1392 1264 1481 oculo
1296 1396 1338 1483 in
1360 1400 1402 1483 X
1420 1396 1643 1486 constituto
1661 1423 1732 1510 per

573 1545 710 1612 totum
727 1524 916 1637 angulare
935 1522 1103 1634 spatium
1118 1523 1149 1603 P
1164 1522 1273 1631 XT,
1300 1524 1415 1636 quod
1428 1524 1548 1612 radiis
1576 1527 1666 1610 PX
1684 1553 1731 1611 ac

573 1656 617 1739 T
634 1659 675 1738 X
704 1656 878 1739 maxime
913 1651 1161 1763 minimeque
1191 1653 1377 1739 omnium
1409 1652 1732 1764 reliangibilibus

572 1783 942 1891 comprehenditur,
981 1777 1154 1865 dilatum
1170 1810 1216 1869 ac
1234 1777 1421 1870 diffusum
1444 1802 1651 1893 appaream
1679 1781 1729 1865 de

572 1907 851 2019 magnitudine
883 1909 967 2015 ejus
992 1906 1159 2017 paucula
1185 1908 1381 2013 adjiciam.
1437 1912 1566 2020 Finge
1583 1907 1730 1996 lineam

571 2060 736 2117 curvam
762 2028 884 2135 tiz
903 2031 1138 2142 descriptam
1170 2028 1259 2140 effe,
1278 2034 1327 2119 »in
1353 2036 1437 2145 qud
1463 2035 1732 2119 radiationum

571 2181 708 2246 centra
745 2158 952 2244 radiorum
984 2161 1298 2266 omnigenorum
1323 2161 1465 2268 jacent,
1508 2161 1730 2246 secundum

571 2287 720 2374 lineam
751 2288 846 2370 FR
877 2285 1165 2394 incidentium,
1211 2291 1251 2376 81
1290 2286 1348 2371 ita
1385 2283 1650 2371 refradotum
1685 2286 1731 2368 in

572 2409 726 2525 pundo
757 2416 808 2518 R,
835 2433 883 2495 ut
908 2436 981 2513 per
1009 2432 1150 2498 totum
1187 2410 1380 2524 anguium
1408 2416 1553 2498 KRO
1580 2410 1731 2495 divari-

573 2562 679 2651 cent,
705 2548 743 2633 8c
772 2541 843 2630 ista
868 2567 992 2627 curva
1018 2534 1102 2627 non
1126 2541 1230 2627 male
1263 2537 1539 2627 allimilabitur
1572 2535 1734 2647 objedlo

395 2736 398 2741 .
572 2669 724 2776 lucido,
738 2669 850 2776 cujus
868 2664 1036 2774 angulus
1054 2665 1235 2772 visibilis,
1253 2661 1342 2761 ⁴sure
1365 2690 1557 2775 appatens
1580 2665 1735 2778 magni·

574 2796 691 2898 tudo,
718 2792 768 2877 ad
801 2788 967 2879 oculum
1001 2786 1258 2896 initurum,
1287 2787 1503 2899 sttYXZ,
1531 2791 1735 2878 acdistan·

573 2921 633 3000 tia
660 2920 711 3001 ab
737 2922 881 3004 eodem
909 2919 1031 3006 oculo
1060 2920 1112 3005 ad
1140 2919 1410 3009 meditullium
1432 2920 1515 3022 ejus
1548 2918 1733 3002 aestimata

563 3041 607 3151 f
621 3040 674 3121 X.
729 3039 886 3127 Ethinc
904 3041 1169 3151 consedetur,

631 3282 670 3340 1.
700 3258 839 3366 Quor>
861 3259 985 3367 (cum
1009 3258 1068 3345 rei
1092 3255 1258 3343 visrbilis
1283 3283 1475 3369 appatens
1493 3259 1730 3372 magnitudo

570 3405 674 3490 pene
697 3382 744 3469 fit
773 3387 973 3499 reciproce
1007 3406 1053 3469 ut
1077 3381 1262 3466 distantia
1290 3372 1395 3490 ejus)
1433 3381 1560 3467 stante
1576 3384 1728 3493 pundo

571 3513 619 3619 F,
653 3514 691 3602 81
717 3511 871 3623 punito
898 3515 938 3595 X
968 3512 1011 3592 in
1038 3506 1145 3591 lined
1164 3510 1205 3590 R
1225 3508 1266 3591 X
1294 3506 1524 3621 ubicunque
1556 3508 1730 3621 sumpto,

566 3637 743 3750 angulus
769 3641 802 3723 P
817 3642 859 3724 X
872 3639 913 3723 T
941 3633 1021 3718 sive
1039 3634 1075 3717 Y
1092 3632 1184 3719 XZ
1211 3660 1312 3745 pene
1340 3635 1417 3719 erit
1457 3633 1659 3743 reciproce
1680 3659 1728 3722 ut

568 3762 788 3873 longitudo
812 3757 840 3873 s
852 3766 905 3849 X.
961 3763 1016 3846 Et
1040 3755 1136 3847 hinc
1164 3758 1378 3849 intervallo
1403 3760 1500 3847 RX
1526 3762 1730 3849 diminuto

569 3889 738 3993 angulus
754 3892 786 3971 P
801 3888 899 3976 XT
915 3907 1104 3999 augetur,
1131 3887 1290 4001 ejusque
1311 3887 1515 4002 quantitas
1538 3887 1580 3973 in
1599 3889 1731 4001 quili-

566 4008 638 4096 bet
655 4008 796 4120 puncti
816 4016 859 4096 X
889 4012 1077 4099 distantial
1097 4012 1276 4121 dabitur,
1299 4011 1334 4097 li
1357 4014 1488 4105 modo
1503 4014 1595 4101 data
1610 4012 1730 4101 fuerit

567 4161 748 4249 unquam
762 4136 805 4227 in
818 4138 1009 4252 quipiam
1027 4136 1220 4226 distantial.

1514 4290 1550 4346 a.
1577 4262 1726 4366 Qum·
