4058 5258
554 338 672 467 286
906 337 1006 444 De
1044 335 1313 446 Vrnrrt.
1529 348 1630 455 Par.
1665 350 1727 455 n.

564 559 844 662 decidentibus
872 554 1075 648 efformari
1105 558 1393 674 cognoscimus.
1449 566 1725 673 Quemadmo-

558 702 667 789 ¹dum
681 722 731 781 ex
746 719 797 777 eo
817 689 986 798 constat,
1003 692 1114 801 quod
1130 715 1337 804 nunquam
1352 687 1513 777 videtur
1528 693 1606 779 nili
1619 701 1726 785 coelo

564 826 741 939 pluente,
767 818 881 930 quod
906 815 989 901 sole
1010 815 1192 925 pluviam
1216 816 1468 902 decidentem
1499 818 1720 911 illustrante

564 954 609 1039 in
639 948 738 1037 vicis
768 969 1064 1052 nonnunquam
1092 942 1278 1052 apparuit
1303 944 1414 1056 quasr
1440 972 1525 1031 non
1545 946 1588 1032 in
1616 949 1721 1036 coelo

564 1076 798 1180 collocatus,
825 1068 891 1158 sed
919 1069 962 1155 in
990 1094 1081 1153 aere
1115 1067 1267 1177 vicino,
1308 1070 1424 1181 super
1448 1072 1722 1185 oppofitamm

558 1206 764 1291 domuum
799 1197 1018 1311 parietibus
1048 1190 1195 1284 affixus
1225 1197 1291 1284 vel
1317 1199 1452 1309 potius
1477 1200 1723 1313 interjetlus,

563 1329 676 1445 quod
699 1353 802 1437 aqua
821 1350 894 1436 per
926 1321 1142 1409 artificium
1167 1321 1333 1436 aliquod
1351 1321 1508 1435 sparsim
1532 1327 1724 1435 ejaculata

563 1455 709 1543 iridem
738 1448 927 1554 ostendit,
967 1449 1149 1559 &quod
1179 1474 1345 1561 gramen
1384 1477 1477 1537 rore
1518 1448 1721 1542 matu'tino

564 1580 675 1694 quasa
727 1578 901 1688 guttulis
948 1572 1223 1662 minutiffimis
1270 1578 1520 1689 conspersum
1566 1580 1721 1669 colores

561 1710 685 1794 etiam
699 1704 812 1792 iridis
825 1701 1001 1790 exhibet.
1057 1704 1168 1791 Huic
1188 1703 1312 1790 etiam
1338 1705 1507 1793 debetur
1533 1706 1720 1819 ingenio·

562 1829 704 1919 fiffima
734 1831 786 1917 de
814 1825 1120 1917 refrablionibus
1148 1848 1274 1939 gutte
1295 1833 1336 1922 br
1361 1860 1498 1918 earum
1522 1833 1721 1921 limitibus

472 1994 477 2003 “
561 1957 760 2062 inventio,
775 1954 1001 2040 sedcaunm
1015 1955 1219 2065 physrcam
1234 1954 1371 2042 minus
1389 1955 1555 2044 feliciter
1568 1956 1723 2073 aggres-

562 2081 625 2169 l‘us
642 2082 712 2166 est.
768 2082 885 2162 Hanc
915 2078 1055 2187 itaque
1077 2098 1125 2162 ut
1147 2080 1396 2187 intelligatis,
1425 2084 1628 2190 concipite
1654 2112 1717 2167 ra-

562 2207 676 2293 dium
692 2212 731 2293 A
748 2202 789 2285 N
819 2197 910 2311 (fig.
927 2204 1015 2304 61.)
1042 2200 1085 2282 in
1109 2199 1279 2309 globum
1303 2203 1351 2281 N
1367 2205 1401 2282 F
1412 2206 1450 2283 G
1476 2205 1528 2286 ad
1551 2206 1597 2288 N
1615 2206 1716 2289 inci·

561 2336 657 2421 dere
673 2337 711 2421 dr
726 2331 820 2419 inde
836 2325 969 2416 uerius
986 2331 1019 2413 F
1037 2323 1216 2438 refringi,
1241 2325 1315 2413 ubi
1333 2322 1464 2413 rursus
1488 2330 1556 2415 vel
1578 2329 1717 2420 refrin.

562 2485 682 2573 getur
720 2457 854 2545 versus
885 2458 926 2542 V
955 2453 1021 2541 vel
1046 2451 1151 2540 forte
1179 2451 1401 2540 refleffitur
1426 2457 1477 2542 ad
1496 2463 1549 2544 G.
1601 2465 1658 2546 Et
1691 2461 1721 2546 sr

560 2585 758 2699 posterius
781 2581 954 2683 eveniat,
982 2603 1080 2669 tunc
1104 2582 1253 2669 iterum
1276 2581 1319 2668 in
1341 2588 1380 2669 G
1399 2584 1464 2669 vel
1490 2584 1725 2698 refringitur

563 2715 614 2802 ad
632 2716 686 2822 R,
714 2712 781 2800 vel
811 2707 1032 2796 refleblitur
1058 2711 1109 2795 ad
1129 2711 1185 2816 H,
1211 2712 1249 2798 lit
1278 2708 1329 2796 src
1358 2710 1572 2823 deinceps;
1600 2716 1657 2799 ita
1673 2737 1722 2800 ut

565 2842 686 2928 radiis
704 2839 875 2952 globum
894 2837 1214 2951 ingredientibus
1229 2836 1369 2948 aliqui,
1395 2860 1441 2922 ut
1458 2842 1503 2922 N
1518 2844 1552 2926 1³
1567 2844 1622 2948 V,
1648 2839 1724 2927 sta·

564 2966 641 3052 tim
668 2966 937 3075 egredientur,
974 2960 1124 3048 nullam
1152 2957 1409 3046 reflexionem
1427 2959 1538 3072 paffr,
1564 2962 1647 3070 alii,
1674 2986 1722 3052 ut

562 3094 650 3178 FG
667 3093 720 3197 R,
748 3090 837 3202 post
863 3115 987 3175 unam
1014 3082 1304 3195 rebellionem,
1329 3090 1368 3171 δι
1390 3085 1471 3194 alii,
1500 3109 1548 3176 ut
1563 3094 1603 3175 G
1622 3095 1665 3176 H
1684 3097 1727 3201 S,

563 3219 653 3326 post
667 3221 780 3324 duas,
807 3216 955 3332 aliique
981 3214 1070 3330 post
1095 3237 1177 3301 tres
1201 3212 1410 3300 ueletiam
1435 3214 1580 3323 plures.
1633 3217 1723 3321 Jam

565 3364 679 3444 vero,
705 3368 801 3424 cum
835 3364 963 3450 guttae
1003 3340 1201 3450 pluviales
1234 3336 1410 3451 respeblu
1444 3339 1634 3426 distantiae
1669 3341 1722 3425 ab

566 3460 686 3551 oculo
709 3460 956 3576 spectatoris,
983 3467 1290 3553 fintadmodum
1308 3467 1475 3574 exigue,
1501 3488 1547 3551 ut
1564 3464 1722 3579 physice

567 3590 817 3710 propontiis
841 3589 976 3679 haberi
1006 3592 1169 3706 poliant,
1196 3625 1281 3683 non
1299 3623 1401 3707 opus
1424 3596 1494 3706 est,
1521 3619 1568 3684 ut
1586 3623 1725 3685 earum

568 3723 866 3838 magnitudines
899 3721 1071 3809 omnino
1102 3721 1409 3831 confideremus,
1456 3726 1520 3810 sed
1554 3725 1727 3837 angulos

570 3878 745 3962 tantum,
772 3880 878 3966 quos
906 3851 1125 3939 incidentes
1154 3877 1248 3936 cum
1277 3856 1578 3966 emergentibus
1609 3859 1728 3944 radiis

569 3983 941 4096 comprehendunt:
971 4004 1077 4087 nam,
1108 3979 1178 4065 ubi
1196 3979 1336 4092 anguli
1364 3982 1423 4069 illi
1447 3982 1536 4070 sunt
1559 3986 1730 4074 maximi

570 4112 636 4205 vel
662 4110 838 4221 minimi,
863 4124 1114 4222 emergentes
1136 4109 1236 4197 radii
1257 4107 1348 4196 sunt
1372 4107 1492 4196 solito
1506 4111 1729 4199 confertio·

1641 4265 1735 4345 res·,
