4078 5250
586 301 692 389 210
739 384 745 397 ,
900 282 996 386 Da
1036 281 1421 395 Raptonunr
1553 298 1662 405 Par.
1709 302 1781 407 Π.

640 512 798 593 Sinum
828 497 1001 610 ratione,
1027 500 1169 597 licum
1192 503 1379 620 prismate
1403 536 1553 625 quarto
1583 522 1631 605 K
1651 524 1696 604 L
1712 521 1776 607 M

587 632 781 741 refringas
809 625 945 714 radios
967 632 1019 717 ad
1045 671 1079 719 v
1100 636 1283 742 reflexos,
1309 638 1523 725 &colores
1547 669 1603 724 eo
1635 640 1786 751 patio·

587 754 809 873 produllos
826 754 922 842 &in
941 757 1076 845 album
1102 764 1296 876 parietem
1317 763 1514 875 projectos
1531 768 1783 857 duodecim

585 888 708 1001 pedes
733 901 805 971 aut
827 878 989 994 longius
1006 887 1220 976 distantem
1243 891 1548 1001 animadvertas,
1573 893 1787 1006 videbis,

586 1008 715 1124 quod,
730 1034 826 1096 cum
846 1008 917 1095 lux
934 1026 996 1093 et
1022 1014 1166 1126 incipit
1184 1016 1314 1105 viride
1325 1018 1548 1126 flavescere,
1575 1044 1785 1130 purpura·

576 1157 628 1256 p,
654 1166 778 1253 quam
797 1140 940 1252 prisma
958 1144 1037 1234 hoc
1062 1146 1170 1235 elicit
1195 1147 1323 1235 eluce
1339 1174 1361 1229 e
1377 1192 1425 1254 v,
1452 1149 1675 1261 plusquam
1692 1177 1780 1236 car·

586 1269 664 1357 teri
682 1269 839 1357 colores
854 1274 1082 1384 augebitur,
1097 1302 1166 1387 per
1185 1274 1376 1364 acceffum
1388 1283 1533 1387 nempe
1552 1303 1783 1387 purpurae‚.

586 1422 675 1508 quae
693 1418 783 1485 tum
799 1397 842 1484 in
856 1400 890 1483 P
905 1400 1097 1516 disparuit
1114 1437 1127 1513 3
1142 1400 1366 1515 ceterisque
1381 1402 1525 1491 deinde
1544 1402 1784 1489 coloribus.

585 1525 630 1609 in
647 1544 684 1637 p
699 1541 721 1608 t
735 1526 937 1639 gradatim
961 1530 1031 1616 fiet
1048 1526 1217 1619 acceffus
1242 1551 1365 1641 prout
1381 1556 1405 1611 a
1423 1528 1511 1615 PT
1536 1529 1781 1640 disparent,

584 1652 719 1741 donec
744 1678 838 1740 cum
862 1656 997 1740 omnis
1022 1655 1180 1743 colora
1203 1654 1510 1767 PTdisparuit,
1531 1655 1699 1739 colores
1713 1652 1774 1735 ad

574 1791 650 1893 pt
672 1808 757 1864 non
783 1776 957 1889 amplius
980 1804 1205 1889 augeantur
1223 1815 1235 1888 ;
1264 1783 1342 1868 hoc
1360 1802 1500 1871 autem
1515 1777 1784 1877 discrimine,

583 1898 698 2005 quod
717 1899 918 1983 violaceus
935 1906 976 1985 81
992 1902 1181 1988 caeruleus
1195 1905 1245 1988 ad
1252 1918 1330 2009 pt
1351 1928 1620 2012 augmentum
1642 1901 1775 1988 suum

583 2041 705 2100 omne
723 2016 844 2123 paulo
858 2017 979 2099 citius
994 2019 1182 2103 obtinent
1197 2046 1318 2128 quam
1337 2022 1484 2104 rubeus
1505 2048 1579 2105 aut
1602 2026 1786 2132 flavus„

581 2141 644 2237 sed
664 2142 743 2230 hoc
768 2158 854 2226 tam
879 2138 984 2224 exile
1001 2140 1072 2251 est,
1098 2161 1148 2226 ut
1174 2141 1420 2250 obseruator,
1457 2143 1531 2233 nist
1547 2146 1593 2231 lit
1613 2166 1778 2233 atten..
1954 2192 1955 2199 a

581 2291 664 2377 tus,
689 2291 791 2377 aegre
810 2266 1016 2353 advertat..

640 2523 729 2611 Ur
750 2514 833 2605 illis
850 2517 1025 2628 denique
1052 2515 1173 2604 linem
1193 2515 1462 2628 imponamus,
1488 2513 1604 2604 lubet
1626 2515 1776 2609 alium.

586 2653 788 2742 adducere,
795 2647 976 2754 modum,
985 2670 1071 2756 quo
1079 2647 1259 2758 quaedam
1269 2668 1415 2754 genera
1427 2645 1651 2751 radiorum,
1668 2646 1765 2731 luce

585 2778 676 2865 solis
701 2768 937 2878 intermisti,
965 2769 1112 2880 partim
1130 2769 1346 2856 transmitti
1373 2766 1535 2877 poffint,
1553 2799 1653 2860 cum
1680 2768 1771 2855 alia

587 2896 860 2986 reflectuntur.
916 2896 1077 3007 Nempe
1109 2894 1137 2980 sr
1164 2897 1264 2982 duas
1297 2894 1464 2981 laminas
1488 2898 1639 2983 vitreas
1663 2897 1705 2982 C
1722 2895 1771 2983 B„

587 3023 677 3137 (fig.
694 3025 786 3132 ας.)
814 3020 930 3133 plane
948 3022 1164 3131 perpolitae
1189 3024 1229 3109 8r
1255 3018 1510 3106 adinvicem
1533 3021 1770 3132 applicatas.

587 3150 805 3241 secundum
834 3146 1044 3261 planitiem
1071 3173 1214 3234 eorum
1248 3143 1477 3254 connectas,
1504 3146 1647 3262 easque
1675 3143 1758 3235 vasr

587 3284 631 3367 R
649 3282 820 3389 Qaquae
848 3276 970 3384 pleno
994 3278 1224 3385 immergas,
1249 3275 1503 3360 extremitate
1520 3274 1758 3382 superficie·

589 3433 680 3494 num
697 3408 809 3516 juxta
828 3400 1045 3512 posrtarum
1064 3401 1243 3515 undique
1261 3398 1430 3487 ceravel
1445 3397 1532 3506 pice
1548 3399 1663 3508 prius
1681 3401 1771 3488 ob·
1950 3444 1951 3479 l

588 3537 737 3641 tutata
751 3551 799 3619 ut
815 3554 920 3642 aqua
934 3531 1298 3642 noninterrepat&
1314 3526 1481 3638 expellat
1497 3553 1645 3634 aerem,
1674 3525 1755 3638 qui

591 3686 706 3749 more
720 3656 1138 3768 laminaetenuiffimae,
1161 3677 1209 3745 ut
1227 3654 1383 3744 dictum
1398 3654 1469 3761 cll,
1496 3651 1761 3760 interiacebit

590 3782 733 3888 uitris;
762 3786 886 3875 srhaec
901 3787 1069 3898 inquam
1087 3786 1199 3893 fiant,
1219 3781 1340 3896 polsrs
1363 3775 1521 3870 efficere
1538 3778 1752 3868 ditiorum

590 3914 794 3998 vitrorum
825 3910 947 3995 talem
974 3909 1049 3998 elle
1076 3916 1210 4019 situm,
1244 3932 1292 3996 ut
1319 3908 1527 4016 (illucente
1555 3906 1656 4101 spii)
1685 3924 1764 3991 aet·

591 4018 823 4133 interjectus
847 4020 1129 4114 caerulifonnes
1163 4020 1299 4108 radios
1323 4018 1520 4132 reflectat,
1548 4044 1619 4105 ver
1636 4045 1684 4103 us
1699 4026 1762 4123 pe.

1560 4149 1608 4237 lc
1627 4137 1750 4245 transe,

560 3856 577 3917 l
