4078 5250
563 401 662 525 ¹7²
869 373 966 474 De
1006 372 1387 527 Rauron'uu
1522 381 1624 489 Par.
1664 390 1722 492 ΙΙ,

616 756 939 837 Assur-'trouu
968 734 1156 822 veritate
1183 728 1416 842 praecedenti
1444 748 1720 851 propofitione

559 872 766 962 manifesta
795 868 882 970 est;
912 889 1006 951 nam
1027 859 1183 947 colores
1211 885 1262 953 err
1290 857 1525 971 prImitivis,
1559 869 1719 979 (quales

559 1000 826 1111 reperiuntur.
847 993 925 1099 jam
949 984 1149 1092 recenfiti)
1193 1011 1264 1094 per
1294 985 1627 1095 compositionem
1647 1024 1717 1107 ge·

560 1122 692 1210 nerari
727 1112 875 1208 necesse
911 1113 978 1201 est.
1034 1119 1197 1199 Arnon
1233 1108 1431 1219 gravabor
1465 1136 1601 1204 tamen
1625 1118 1716 1205 fust.

561 1280 609 1336 us
625 1249 808 1361 probare,
836 1245 958 1355 idque
980 1234 1244 1352 potiffimum,
1270 1263 1367 1322 curn
1395 1237 1525 1328 lucem
1547 1249 1615 1332 cui
1650 1274 1718 1333 co·

560 1377 625 1463 lor
640 1377 756 1464 albus
766 1371 975 1482 competit,
991 1395 1043 1452 ex
1059 1362 1179 1449 radiis
1193 1362 1328 1474 quoad
1342 1363 1554 1473 qualitates
1571 1371 1718 1459 colori·

562 1503 656 1591 ficas
672 1531 781 1618 eque
800 1530 845 1587 ac
865 1492 1236 1607 refiangibilitatem
1255 1487 1534 1605 heterogeneir
1551 1524 1716 1613 compo·

559 1630 603 1715 ni
622 1664 634 1736 ;
657 1635 786 1741 eique
814 1627 866 1711 de
889 1623 1003 1712 causa
1020 1618 1151 1707 albere
1164 1612 1376 1705 certiffime
1393 1620 1560 1709 constat.
1601 1630 1717 1714 .Pro·

559 1757 729 1863 ponitur
751 1758 891 1863 itaque
915 1753 995 1858 jam
1021 1744 1321 1833 monstrandum
1340 1742 1429 1856 effe,
1454 1752 1581 1862 quod,
1620 1778 1716 1838 cum

559 1905 701 1963 omues
739 1878 911 1964 omuino
944 1874 1116 1980 colores,
1152 1895 1257 1979 quos
1288 1871 1474 1981 prismata
1509 1884 1715 1989 generant,

556 1997 694 2084 debite
707 2001 1033 2106 commiscentur,
1077 1996 1220 2082 albedo
1238 1995 1383 2084 exinde
1406 2000 1620 2111 resultabit,
1648 1994 1723 2088 de·v

556 2150 635 2234 que
649 2121 901 2206 tali-mistura
918 2121 1092 2227 perfecie
1110 2124 1391 2230 conponenda
1408 2125 1538 2234 plures
1556 2128 1715 2222 modos,

557 2272 607 2335 ex
622 2273 706 2359 quo
719 2243 948 2355 cogitabam
965 2240 1122 2352 ordine,
1149 2244 1349 2333 recensere
1364 2246 1518 2334 animus
1531 2248 1613 2337 est..

615 2525 655 2608 A
669 2545 698 2603 c
718 2516 951 2626 primorem
973 2510 1172 2627 aggteffus
1191 2515 1278 2603 fum
1305 2543 1399 2605 cum
1418 2518 1600 2628 pluribus
1617 2516 1715 2628 pris-

560 2646 734 2734 matibus
760 2644 818 2727 ita
837 2639 1043 2751 dispofitis,
1070 2665 1118 2727 ut
1143 2645 1299 2731 colores
1319 2673 1459 2730 eorum
1485 2648 1528 2731 in
1545 2648 1716 2733 eundem

561 2771 700 2863 locum
728 2766 963 2876 inciderent,
988 2767 1096 2857 &stc
1120 2770 1228 2853 inter
1247 2769 1282 2854 se
1306 2770 1574 2858 miscerentur.
1629 2775 1716 2860 Sint

561 2902 600 2978 A
617 2896 651 2975 B
667 2898 720 2999 C,
766 2895 806 2975 D
826 2896 908 2978 EF
953 2920 998 2978 ac
1030 2894 1126 2980 GH
1141 2894 1167 2975 I·
1207 2892 1296 3004 (fig.
1327 2899 1398 3004 11)
1425 2896 1502 2982 tria
1533 2897 1718 3008 prismata

559 3017 726 3122 juxtase
746 3015 820 3102 fitu
834 3018 1019 3127 paralielo
1037 3020 1091 3104 ira
1109 3019 1305 3128 dispofita,
1332 3041 1380 3106 ut
1398 3020 1567 3108 alterum
1583 3028 1713 3145 Dur·

560 3138 607 3223 fit
625 3139 758 3226 alteris
777 3142 937 3231 duobus
957 3148 1090 3233 ΑΒΕ
1116 3147 1156 3232 8(
1175 3149 1214 3229 G
1227 3149 1270 3229 H
1286 3148 1308 3228 Ι
1323 3147 1514 3260 utrinque
1529 3146 1714 3235 viciniiir·

561 3264 636 3351 mis
661 3264 960 3378 intermedium,
986 3271 1027 3356 in
1051 3294 1210 3355 morem
1236 3272 1360 3358 trium
1370 3270 1711 3357 linearum-confi·

560 3384 753 3473 cientium
786 3391 995 3499 capitalem
1023 3387 1181 3479 literam
1203 3419 1367 3504 grecam
1401 3416 1440 3501 Ξ,
1483 3392 1616 3480 &iux
1641 3420 1711 3505 per

560 3513 877 3624 unumquodque
895 3516 1036 3626 prisma
1051 3517 1176 3604 libere
1205 3517 1405 3625 tranitem,
1431 3516 1651 3626 excipiatur
1667 3521 1711 3604 in

385 3647 421 3678 *f
559 3659 756 3759 papyrum
777 3644 809 3723 P
828 3641 883 3747 T,
910 3642 1009 3751 pede
1041 3671 1125 3728 uno
1160 3644 1225 3729 vel
1248 3643 1405 3729 duobus
1437 3641 1709 3753 postposrtam.
1847 3649 1852 3658 '

561 3763 779 3852 Coloribus
799 3771 982 3856 omniurn
1000 3772 1235 3880 prismatum
1253 3772 1359 3860 stein
1376 3772 1544 3882 ipsam?
1564 3774 1606 3859 T=
1623 3796 1717 3882 pro-

563 3884 689 3994 jectis,
707 3916 994 3985 convertantur
1017 3897 1203 4005 prismata
1222 3902 1325 3988 circa
1342 3900 1526 4011 proprios
1544 3927 1651 4006 axes,
1677 3904 1716 3987 ὅτ

457 4086 461 4095 ,
562 4009 716 4096 videbis
742 4015 897 4100 colores
919 4017 1012 4111 istos
1036 4016 1107 4105 fibi
1122 4021 1298 4109 invicem
1322 4028 1506 4113 accedere
1527 4023 1591 4108 vel
1611 4050 1716 4112 rece·

560 4134 665 4231 dere.
719 4142 856 4253 Quare¹
887 4146 1541 4263 convertantur,d0nectaliss1t
1576 4173 1715 4234 eorum

1610 4270 1732 4379 fitur,
