4078 5250
347 340 547 455 Secti.
615 326 1317 441 LucrsCononrnus.
1400 367 1504 487 179

346 563 486 655 omnis
515 557 670 670 generis
705 552 848 639 evadat
886 547 1073 661 perfetta.
1128 555 1248 642 Unde
1282 561 1503 652 confinium

347 693 503 781 umbre
519 714 601 772 non
614 682 672 768 est
694 673 949 765 neceffarium
965 680 1016 764 ad
1038 677 1196 765 colores
1213 685 1503 809 producendus,

348 844 479 926 nequae
494 809 639 898 albedo
652 827 865 919 generatur
882 830 932 888 ex
947 803 1023 892 isto
1040 802 1205 890 sublato·

400 1075 645 1170 Saeuum,
664 1060 831 1169 colores,
847 1060 920 1172 qui
929 1062 1064 1170 primo
1078 1061 1261 1150 omnium
1280 1066 1505 1175 miscentur,

350 1193 546 1280 nimirum
581 1214 805 1301 purpureus
832 1190 913 1275 five
947 1186 1163 1298 violaceus,
1189 1191 1228 1276 8r
1258 1189 1416 1301 rubeus,
1444 1193 1505 1280 vi·

348 1323 499 1406 dentur
522 1315 696 1404 maxime
727 1308 802 1401 effe
829 1313 1015 1401 omnium
1040 1313 1256 1423 diffimiles,
1297 1341 1506 1429 propterea

350 1447 464 1561 quod
509 1445 689 1531 adversas
738 1439 925 1528 colorum
973 1446 1247 1530 extremitates
1293 1470 1504 1556 occupent.

349 1568 625 1677 Quamobrem
665 1571 804 1682 iraque
838 1591 974 1654 motus
1015 1596 1157 1657 eorum
1203 1571 1393 1656 contrarii
1421 1600 1506 1657 non

349 1694 558 1782 destruunt
588 1693 677 1802 sese,
705 1705 835 1806 nequ'e
857 1692 971 1783 color
995 1695 1109 1783 albus
1140 1714 1369 1807 generatur,
1395 1719 1505 1783 ante·

352 1850 477 1935 quarn
491 1822 622 1911 ceteri
638 1822 762 1912 etiam
779 1822 934 1911 colores
946 1852 1087 1915 omnes
1101 1823 1331 1914 miscentur.

404 2072 611 2185 Tnnrro,
638 2075 784 2189 cuique
801 2075 894 2166 licet
923 2075 1143 2186 observare,
1171 2078 1296 2191 idque
1309 2074 1507 2162 nuiione·

343 2202 481 2313 goti0,
497 2207 607 2314 quod
619 2205 774 2292 colores
788 2235 873 2293 non
884 2208 1053 2297 omnino
1070 2224 1281 2295 mutantur
1300 2202 1505 2309 trajicien-

334 2329 404 2439 ⁴do
418 2329 550 2443 radios
569 2358 640 2438 per
669 2333 850 2418 medium
872 2333 1135 2440 quantumvis
1158 2330 1426 2413 luminosum:
1456 2326 1506 2410 fic

350 2453 506 2535 colores
530 2454 765 2559 prismarum
789 2455 878 2541 sunt
900 2455 1036 2556 iidem,
1063 2454 1142 2535 five
1161 2451 1410 2557 trajiciantur
1435 2477 1509 2558 per

351 2574 524 2683 spatium
557 2575 847 2678 illuminatum,
874 2576 951 2660 five
978 2574 1153 2659 tenebris
1184 2574 1445 2677 involutum
1468 2577 1508 2659 8<

351 2726 416 2783 res
449 2721 590 2780 omnes
612 2698 756 2782 eodem
789 2697 914 2782 modo
946 2699 1132 2783 coloratae
1162 2717 1397 2801 cernuntur,
1427 2698 1505 2782 five

349 2819 655 2932 conspiciantur,
680 2851 774 2908 cum
792 2823 929 2908 lumen
953 2820 1044 2905 solis
1062 2821 1279 2927 trajiciatur
1297 2819 1401 2906 inter
1425 2848 1508 2906 me-

350 2953 463 3036 dium
480 2948 663 3058 spatium,
691 2947 771 3035 five
793 2975 889 3035 cum
904 2947 1140 3034 excludatur
1160 2982 1172 3055 ;
1199 2948 1242 3032 id
1259 2949 1370 3061 quod
1397 2946 1505 3033 secus

349 3072 457 3182 effer,
497 3073 619 3159 filun
642 3076 683 3162 in
708 3075 841 3163 lucem
865 3100 935 3186 per
962 3075 1070 3161 idem
1098 3075 1275 3161 medium
1305 3074 1505 3160 transeun-

343 3226 433 3290 tem
457 3204 587 3311 potest
613 3228 741 3314 agere.
797 3203 1009 3314 QuinimO,
1046 3201 1074 3285 fi
1100 3201 1201 3287 radii
1225 3200 1383 3288 duobus
1412 3201 1505 3310 pris·

347 3327 525 3413 mutibus
552 3325 712 3412 refraEii
746 3327 820 3413 sese
844 3324 1055 3434 decuffent,
1082 3325 1294 3438 postquam
1322 3328 1372 3413 ab
1398 3328 1503 3412 invi·

349 3479 437 3536 cem
462 3452 618 3539 direnti
648 3452 753 3561 sunt,
788 3453 945 3540 eosdem
977 3452 1132 3540 colores
1170 3448 1360 3560 efficient,
1399 3481 1503 3564 quos

343 3576 440 3663 alias
469 3574 687 3685 efficerent,
714 3577 840 3666 finon
858 3581 1024 3666 omnino
1051 3579 1320 3666 miscerentur.
1376 3580 1499 3686 Quod

347 3727 430 3780 non
456 3698 579 3806 posset
606 3704 781 3810 evenire,
809 3704 950 3788 stradii
968 3703 1130 3787 diversis
1154 3702 1357 3787 coloribus
1381 3700 1498 3787 tin&

350 3816 422 3901 srbi
442 3846 585 3907 mutuo
598 3852 668 3931 per
685 3831 823 3917 eadem
856 3827 978 3939 spatia
1003 3822 1296 3911 transeuntibus
1333 3826 1498 3912 mutati·

352 3966 473 4027 onem
499 3944 673 4054 aliquam
708 3952 951 4041 inducerent.

831 4220 870 4299 A
899 4240 921 4295 a
951 4240 972 4298 a
1284 4213 1492 4316 Quanto
1559 4284 1564 4287 -
