4028 5252
552 549 632 683 ur
768 506 1531 687 numenoio

620 967 727 1061 Hoc
767 960 908 1062 ruodo
948 958 1270 1081 accommodari
1324 958 1503 1097 possunt
1540 961 1633 1067 haec
1669 965 1724 1103 ad

555 1122 664 1217 Cor.
695 1161 749 1217 ro
774 1130 896 1220 lem.
927 1157 971 1243 5.
1008 1128 1199 1216 Ponatur
1241 1114 1400 1215 radr'us'
1423 1123 1578 1259 aliquis
1616 1133 1726 1225 inci·

555 1270 653 1375 dere
675 1270 728 1374 ad
745 1271 1012 1414 superficiem
1030 1303 1058 1404 p
1076 1281 1120 1369 D
1146 1266 1384 1370 secundum
1418 1273 1579 1375 lineam
1607 1286 1654 1374 X
1674 1290 1724 1395 P,

559 1443 605 1526 δε
630 1426 808 1568 refringi
832 1421 1069 1529 secundum
1088 1427 1250 1524 lineam
1279 1434 1373 1526 BP.
1444 1425 1615 1527 Deinde
1643 1466 1727 1571 po

557 1615 686 1685 natur
726 1591 833 1685 alius
866 1579 1055 1710 ejusdem
1099 1592 1264 1720 generis
1299 1580 1440 1682 radius
1466 1583 1651 1687 incidere
1677 1598 1727 1687 in

559 1736 740 1836 eandem
789 1732 1055 1875 superficiem
1121 1735 1359 1838 secundum
1413 1744 1571 1841 lineam
1631 1753 1726 1875 Xp.

562 1894 749 1991 Constat
790 1901 887 2030 jam
941 1884 1076 2011 (cum
1101 1889 1723 2032 srtXP.BP::Xp.bp.)

561 2047 733 2154 radium
756 2048 876 2153 hunc
906 2046 1083 2189 refringi
1110 2048 1264 2150 debere
1287 2046 1524 2150 secundum
1551 2050 1574 2147 b
1588 2084 1633 2186 p.

630 2364 864 2500 Pag.135.
903 2361 932 2458 l.
959 2400 1005 2471 9.
1050 2360 1239 2485 Auctori
1271 2355 1343 2457 hic
1386 2365 1575 2495 contigit
1612 2364 1731 2459 valo·

561 2555 655 2619 rem
680 2521 804 2618 lineae
830 2529 915 2622 CF
949 2556 1114 2659 ponere
1147 2557 1232 2659 pro
1266 2520 1409 2623 valore
1442 2519 1565 2616 Iineae
1586 2518 1629 2614 G
1650 2524 1727 2638 N;
1856 2511 1862 2519 ⁹
1995 2590 1996 2671 ᾖ

564 2672 679 2774 unde
705 2704 824 2772 ortus
841 2675 901 2771 est
925 2711 1043 2771 error
1059 2682 1108 2771 in
1134 2668 1337 2809 sequente
1359 2704 1479 2811 parte
1500 2705 1735 2811 computa·

560 2834 695 2930 tionis
742 2825 875 2956 hujus
910 2822 1009 2942 loci,
1072 2841 1119 2924 δι
1161 2832 1209 2922 in
1244 2862 1375 2963 prop.
1410 2862 1484 2947 37.
1556 2824 1730 2963 inipso

563 2978 774 3083 contex'tu
814 2987 1109 3079 mutationem
1146 2976 1280 3105 fucere
1316 2978 1558 3096 noluimu2‚
1590 2973 1658 3078 sed
1680 2990 1731 3081 in

561 3134 925 3279 finepaginarum
942 3126 1221 3245 correximus.
1358 3128 1364 3139 ’

1187 4004 1195 4025 ,
1384 3792 1390 3801 ·
1479 3950 1488 3955 ·
1528 3888 1732 4059 Opticae
