4078 5250
558 398 659 522 170
880 381 972 483 Da
1010 378 1398 487 Rnuronun
1511 394 1610 500 Par.
1650 397 1708 502 n

548 598 598 684 ad
616 593 892 706 experimenta
918 592 1134 685 commode
1156 590 1400 681 instituenda
1424 596 1684 716 segregantur
1703 643 1721 723 3

550 751 637 810 rem
650 723 789 836 potius
809 727 860 812 ad
881 723 988 811 hunc
1005 722 1173 808 modum
1190 715 1380 831 affequar.

604 977 898 1089 Epraeostenfis
920 975 1090 1081 constat,
1116 973 1277 1085 figuras,
1304 974 1528 1087 exquibus
1553 980 1595 1063 in
1622 979 1721 1069 lon.

553 1128 653 1215 gum
682 1103 875 1215 dispositis
906 1102 1043 1215 imago
1060 1106 1092 1185 P
1108 1102 1149 1184 T
1179 1100 1456 1210 componitur,
1501 1103 1721 1195 circulares
1822 1158 1827 1166 ·

553 1225 628 1316 elle
654 1254 820 1341 propter
834 1228 926 1318 solis
952 1227 1105 1315 discum
1124 1224 1358 1311 circularem
1375 1261 1387 1335 3
1414 1232 1453 1317 8(
1472 1229 1714 1337 inde‚s1dis.·

552 1386 623 1444 cus
648 1359 713 1444 ille
738 1355 993 1471 triangularis
1021 1350 1127 1461 ellet,
1154 1353 1219 1439 vel
1252 1354 1602 1466 aliquacunque
1628 1388 1720 1445 non-

553 1484 737 1573 circulari
755 1488 970 1598 perimetro
984 1481 1238 1586 terminatus,
1262 1480 1336 1564 illae
1353 1481 1475 1567 etiam
1494 1481 1630 1595 ligura
1648 1477 1717 1572 vel

554 1613 829 1724 triangulares,
869 1610 933 1699 vel
960 1608 1040 1695 alio
1065 1606 1215 1719 quovis
1243 1609 1367 1718 modo
1396 1611 1446 1696 ad
1477 1612 1599 1697 instar
1622 1611 1715 1698 solis

554 1745 775 1829 terminata
798 1743 1025 1828 evaderent.
1079 1743 1134 1823 Et
1154 1764 1225 1846 par
1246 1739 1302 1825 est
1322 1740 1428 1825 ratio
1445 1740 1496 1826 de
1514 1741 1712 1826 foramine

553 1870 599 1969 F,
626 1872 666 1953 81
685 1868 824 1978 liguris
842 1868 892 1952 ad
910 1864 1030 1952 instar
1056 1861 1167 1947 istius
1182 1862 1405 1973 foraminis,
1433 1868 1651 1978 exquibus
1669 1867 1715 1951 in

551 1990 721 2099 longum
758 1994 937 2078 similiter
969 1988 1164 2097 dispofitis
1192 1988 1329 2100 imago
1347 2006 1420 2098 pt
1444 1993 1729 2081 constituitur.⁴

551 2115 628 2199 His
660 2117 953 2221 animadverfis,
981 2114 1069 2199 vice
1102 2114 1335 2199 orbicularis
1360 2112 1617 2200 foraminisF
1641 2118 1713 2199 tri·

555 2240 745 2351 angulare
763 2237 1030 2341 substituitur,
1056 2239 1171 2345 cujus
1184 2236 1358 2322 altitudo
1374 2235 1486 2321 verbi
1513 2236 1649 2348 gratid
1662 2233 1710 2320 sat

554 2366 760 2480 plusquam
779 2364 913 2473 digiti,
940 2362 1040 2447 basis
1057 2363 1186 2445 tertiae
1210 2379 1411 2471 quartave
1433 2364 1556 2471 partis
1577 2364 1728 2473 digiti,

554 2496 726 2585 &crura
748 2488 937 2600 aqualia..
980 2493 1035 2575 Et
1065 2485 1251 2596 prismate
1280 2486 1417 2573 ΑΒΕ
1443 2489 1494 2570 ad
1523 2488 1715 2598 trianguli

555 2618 675 2725 hujus
707 2612 1035 2727 perpendiculum
1054 2611 1246 2697 existente
1264 2611 1464 2721 parallelo,
1486 2610 1623 2719 imago
1642 2628 1716 2722 pt

557 2742 648 2853 (lig.
670 2746 759 2850 ro.)
801 2741 1068 2854 quadrilatera
1107 2766 1158 2822 ex
1187 2738 1400 2847 triangulis
1426 2762 1490 2819 ca
1500 2738 1550 2845 f,
1576 2739 1730 2838 emh„

552 2871 662 2981 gni
690 2869 913 2979 caterisque
941 2865 1108 2953 infinitis
1130 2862 1268 2947 multis
1289 2857 1495 2948 efformata
1524 2863 1592 2970 est,
1626 2865 1718 2977 qui·

557 2993 633 3072 bus
662 2993 774 3093 juxta
805 2991 911 3075 bases
935 2993 977 3073 in
996 2988 1109 3073 linei.
1128 2988 1203 3066 cd.
1223 2988 1373 3094 positas
1393 3012 1487 3071 cum
1512 2987 1548 3071 se
1566 3013 1729 3075 mutuo·

564 3130 678 3219 parte
709 3112 885 3194 matrimi
917 3109 1322 3213 communicantibus,
1346 3110 1490 3194 exinde
1514 3115 1564 3197 ad
1593 3112 1716 3226 usque

555 3233 731 3343 ipsorum
761 3238 931 3323 vertices
957 3231 1117 3319 receffio
1139 3235 1339 3341 gradatim
1363 3232 1463 3319 fabia
1489 3237 1558 3338 est,
1586 3241 1731 3350 donec·

554 3363 597 3449 in
614 3358 830 3440 verticibus
847 3360 896 3438 ad
916 3356 1064 3439 reliam
1080 3354 1145 3433 ab
1163 3355 1244 3438 sitis
1263 3357 1422 3461 penitus
1444 3352 1728 3465 diliocientur,¹

557 3484 745 3595 adeoque,
756 3476 908 3561 colores
922 3475 979 3558 ibi
996 3475 1188 3587 simplices
1205 3476 1410 3564 evadunt..

613 3733 830 3839 Jarrvero
849 3722 1119 3835 observabam,
1145 3730 1256 3841 quod
1268 3723 1554 3836 simplices-live
1573 3733 1714 3842 primi.

561 3856 807 3959 tivicolores
824 3856 936 3965 juxta
945 3856 1161 3940 terminum
1177 3854 1254 3963 ab,
1268 3854 1339 3940 etfi
1352 3852 1471 3966 longe
1488 3857 1729 3965 debiliores,

560 4012 696 4088 tamen
723 3985 850 4090 (sensu
876 3981 1025 4090 judice)
1053 3977 1224 4090 ejusdem
1249 3980 1391 4093 speciei
1407 3982 1639 4095 apparudre,
1665 4014 1711 4072 ac

561 4112 770 4237 compositi
799 4107 1149 4225 iuxtaterminum
1178 4109 1268 4221 cd,
1290 4110 1404 4220 cujus
1428 4117 1486 4204 rei
1508 4114 1611 4201 ratio
1641 4111 1710 4215 est,

1601 4236 1729 4350 quod:
