<?xml version="1.0" encoding="UTF-8"?>
<!DOCTYPE html PUBLIC "-//W3C//DTD XHTML 1.0 Transitional//EN"
    "http://www.w3.org/TR/xhtml1/DTD/xhtml1-transitional.dtd">
<html xmlns="http://www.w3.org/1999/xhtml" xml:lang="en" lang="en">
 <head>
  <title>
</title>
<meta http-equiv="Content-Type" content="text/html;charset=utf-8" />
  <meta name='ocr-system' content='tesseract 3.04.00' />
  <meta name='ocr-capabilities' content='ocr_page ocr_carea ocr_par ocr_line ocrx_word'/>
</head>
<body>
  <div class='ocr_page' id='page_1' title='image "./isaacinewtonieq01newtgoog_0399.png"; bbox 0 0 4058 5258; ppageno 0'>
   <div class='ocr_carea' id='block_1_1' title="bbox 545 365 1712 527">
    <p class='ocr_par' dir='ltr' id='par_1_1' title="bbox 545 365 1712 527">
     <span class='ocr_line' id='line_1_1' title="bbox 545 365 1712 527; baseline -0.022 -46"><span class='ocrx_word' id='word_1_1' title='bbox 545 379 652 527; x_wconf 84' lang='lat'>284</span> <span class='ocrx_word' id='word_1_2' title='bbox 915 367 1012 472; x_wconf 79' lang='lat' dir='ltr'>De</span> <span class='ocrx_word' id='word_1_3' title='bbox 1051 365 1303 474; x_wconf 73' lang='lat' dir='ltr'>Vneris</span> <span class='ocrx_word' id='word_1_4' title='bbox 1503 371 1606 472; x_wconf 74' lang='lat' dir='ltr'>Par,</span> <span class='ocrx_word' id='word_1_5' title='bbox 1644 372 1712 474; x_wconf 86' lang='grc' dir='ltr'>Π,</span> 
     </span>
    </p>
   </div>
   <div class='ocr_carea' id='block_1_2' title="bbox 484 580 1775 4324">
    <p class='ocr_par' dir='ltr' id='par_1_2' title="bbox 484 580 1775 4324">
     <span class='ocr_line' id='line_1_2' title="bbox 549 580 1713 708; baseline -0.019 -18"><span class='ocrx_word' id='word_1_6' title='bbox 549 607 590 690; x_wconf 88' lang='lat' dir='ltr'>C</span> <span class='ocrx_word' id='word_1_7' title='bbox 611 607 667 708; x_wconf 91' lang='lat' dir='ltr'>D,</span> <span class='ocrx_word' id='word_1_8' title='bbox 688 602 727 687; x_wconf 75' lang='lat' dir='ltr'>aa</span> <span class='ocrx_word' id='word_1_9' title='bbox 759 589 945 683; x_wconf 75' lang='lat' dir='ltr'>nonnulli</span> <span class='ocrx_word' id='word_1_10' title='bbox 975 587 1044 673; x_wconf 90' lang='lat' dir='ltr'>alii</span> <span class='ocrx_word' id='word_1_11' title='bbox 1076 612 1146 699; x_wconf 87' lang='lat' dir='ltr'>per</span> <span class='ocrx_word' id='word_1_12' title='bbox 1171 605 1307 671; x_wconf 90' lang='lat' dir='ltr'>totum</span> <span class='ocrx_word' id='word_1_13' title='bbox 1324 580 1496 694; x_wconf 87' lang='lat' dir='ltr'>spatium</span> <span class='ocrx_word' id='word_1_14' title='bbox 1517 590 1558 672; x_wconf 89' lang='lat' dir='ltr'>R</span> <span class='ocrx_word' id='word_1_15' title='bbox 1572 592 1617 695; x_wconf 85' lang='lat' dir='ltr'>P,</span> <span class='ocrx_word' id='word_1_16' title='bbox 1638 588 1713 674; x_wconf 82' lang='lat' dir='ltr'>ubi</span> 
     </span>
     <span class='ocr_line' id='line_1_3' title="bbox 552 710 1717 825; baseline -0.031 -8"><span class='ocrx_word' id='word_1_17' title='bbox 552 752 747 817; x_wconf 86' lang='lat' dir='ltr'>coronam</span> <span class='ocrx_word' id='word_1_18' title='bbox 771 715 1004 811; x_wconf 86' lang='lat' dir='ltr'>ABetiam</span> <span class='ocrx_word' id='word_1_19' title='bbox 1029 712 1261 825; x_wconf 84' lang='lat' dir='ltr'>pingebant.</span> <span class='ocrx_word' id='word_1_20' title='bbox 1315 713 1424 796; x_wconf 88' lang='lat' dir='ltr'>Cum</span> <span class='ocrx_word' id='word_1_21' title='bbox 1443 710 1582 823; x_wconf 89' lang='lat' dir='ltr'>itaque</span> <span class='ocrx_word' id='word_1_22' title='bbox 1611 717 1717 798; x_wconf 80' lang='lat' dir='ltr'>Car.</span> 
     </span>
     <span class='ocr_line' id='line_1_4' title="bbox 556 838 1715 952; baseline -0.019 -9"><span class='ocrx_word' id='word_1_23' title='bbox 556 856 676 943; x_wconf 78' lang='lat' dir='ltr'>tesius</span> <span class='ocrx_word' id='word_1_24' title='bbox 704 852 786 939; x_wconf 76' lang='lat' dir='ltr'>bec</span> <span class='ocrx_word' id='word_1_25' title='bbox 819 843 982 948; x_wconf 89' lang='lat' dir='ltr'>viderit,</span> <span class='ocrx_word' id='word_1_26' title='bbox 1017 842 1230 952; x_wconf 86' lang='lat' dir='ltr'>postquam</span> <span class='ocrx_word' id='word_1_27' title='bbox 1260 863 1332 948; x_wconf 86' lang='lat' dir='ltr'>per</span> <span class='ocrx_word' id='word_1_28' title='bbox 1360 854 1490 921; x_wconf 88' lang='lat' dir='ltr'>totam</span> <span class='ocrx_word' id='word_1_29' title='bbox 1509 838 1715 948; x_wconf 85' lang='lat' dir='ltr'>vesperam</span> 
     </span>
     <span class='ocr_line' id='line_1_5' title="bbox 484 964 1713 1081; baseline -0.033 -5"><span class='ocrx_word' id='word_1_30' title='bbox 484 994 500 1019; x_wconf 86' lang='lat'><em>⁰</em></span> <span class='ocrx_word' id='word_1_31' title='bbox 558 985 702 1073; x_wconf 89' lang='lat' dir='ltr'>cubito</span> <span class='ocrx_word' id='word_1_32' title='bbox 714 979 878 1067; x_wconf 79' lang='lat' dir='ltr'>innixus</span> <span class='ocrx_word' id='word_1_33' title='bbox 906 992 1004 1076; x_wconf 86' lang='lat' dir='ltr'>etat,</span> <span class='ocrx_word' id='word_1_34' title='bbox 1047 994 1167 1081; x_wconf 84' lang='lat' dir='ltr'>tugae,</span> <span class='ocrx_word' id='word_1_35' title='bbox 1192 966 1330 1078; x_wconf 82' lang='lat' dir='ltr'>quales</span> <span class='ocrx_word' id='word_1_36' title='bbox 1355 964 1543 1073; x_wconf 81' lang='lat' dir='ltr'>explicui,</span> <span class='ocrx_word' id='word_1_37' title='bbox 1568 989 1713 1076; x_wconf 75' lang='lat' dir='ltr'>potue.</span> 
     </span>
     <span class='ocr_line' id='line_1_6' title="bbox 562 1093 1717 1222; baseline -0.022 -19"><span class='ocrx_word' id='word_1_38' title='bbox 562 1137 657 1202; x_wconf 89' lang='lat' dir='ltr'>runt</span> <span class='ocrx_word' id='word_1_39' title='bbox 687 1105 880 1222; x_wconf 81' lang='lat' dir='ltr'>imprimi,</span> <span class='ocrx_word' id='word_1_40' title='bbox 906 1102 1014 1187; x_wconf 87' lang='lat' dir='ltr'>unde</span> <span class='ocrx_word' id='word_1_41' title='bbox 1039 1093 1189 1184; x_wconf 84' lang='lat' dir='ltr'>necelie</span> <span class='ocrx_word' id='word_1_42' title='bbox 1220 1117 1305 1181; x_wconf 89' lang='lat' dir='ltr'>erat</span> <span class='ocrx_word' id='word_1_43' title='bbox 1333 1093 1717 1199; x_wconf 71' lang='lat' dir='ltr'>ejusmodicotonas</span> 
     </span>
     <span class='ocr_line' id='line_1_7' title="bbox 563 1217 1721 1351; baseline -0.016 -28"><span class='ocrx_word' id='word_1_44' title='bbox 563 1264 764 1351; x_wconf 86' lang='lat' dir='ltr'>apparere,</span> <span class='ocrx_word' id='word_1_45' title='bbox 791 1229 958 1343; x_wconf 81' lang='lat' dir='ltr'>&amp;quod</span> <span class='ocrx_word' id='word_1_46' title='bbox 985 1249 1065 1311; x_wconf 90' lang='lat' dir='ltr'>tres</span> <span class='ocrx_word' id='word_1_47' title='bbox 1089 1247 1247 1310; x_wconf 74' lang='lat' dir='ltr'>coronae</span> <span class='ocrx_word' id='word_1_48' title='bbox 1268 1248 1351 1305; x_wconf 90' lang='lat' dir='ltr'>non</span> <span class='ocrx_word' id='word_1_49' title='bbox 1366 1217 1625 1329; x_wconf 80' lang='lat' dir='ltr'>apparebant,</span> <span class='ocrx_word' id='word_1_50' title='bbox 1651 1218 1721 1304; x_wconf 70' lang='lat' dir='ltr'>ine</span> 
     </span>
     <span class='ocr_line' id='line_1_8' title="bbox 565 1346 1718 1465; baseline -0.023 -12"><span class='ocrx_word' id='word_1_51' title='bbox 565 1362 711 1452; x_wconf 86' lang='lat' dir='ltr'>seilicet</span> <span class='ocrx_word' id='word_1_52' title='bbox 729 1388 812 1448; x_wconf 91' lang='lat' dir='ltr'>non</span> <span class='ocrx_word' id='word_1_53' title='bbox 835 1372 1048 1465; x_wconf 85' lang='lat' dir='ltr'>apparente</span> <span class='ocrx_word' id='word_1_54' title='bbox 1076 1351 1187 1457; x_wconf 86' lang='lat' dir='ltr'>cujus</span> <span class='ocrx_word' id='word_1_55' title='bbox 1205 1367 1357 1458; x_wconf 83' lang='lat' dir='ltr'>partem</span> <span class='ocrx_word' id='word_1_56' title='bbox 1379 1346 1619 1431; x_wconf 78' lang='lat' dir='ltr'>exteriorem</span> <span class='ocrx_word' id='word_1_57' title='bbox 1643 1373 1718 1429; x_wconf 79' lang='lat' dir='ltr'>cae·</span> 
     </span>
     <span class='ocr_line' id='line_1_9' title="bbox 571 1470 1723 1597; baseline -0.021 -18"><span class='ocrx_word' id='word_1_58' title='bbox 571 1493 724 1578; x_wconf 84' lang='lat' dir='ltr'>ruleam</span> <span class='ocrx_word' id='word_1_59' title='bbox 739 1481 814 1572; x_wconf 82' lang='lat' dir='ltr'>elle</span> <span class='ocrx_word' id='word_1_60' title='bbox 835 1476 1034 1592; x_wconf 81' lang='lat' dir='ltr'>descripfi,</span> <span class='ocrx_word' id='word_1_61' title='bbox 1057 1481 1095 1564; x_wconf 69' lang='lat'>8(</span> <span class='ocrx_word' id='word_1_62' title='bbox 1115 1497 1270 1587; x_wconf 88' lang='lat' dir='ltr'>partem</span> <span class='ocrx_word' id='word_1_63' title='bbox 1294 1470 1528 1556; x_wconf 90' lang='lat' dir='ltr'>interiorem</span> <span class='ocrx_word' id='word_1_64' title='bbox 1544 1472 1723 1597; x_wconf 66' lang='lat' dir='ltr'>rubeam,</span> 
     </span>
     <span class='ocr_line' id='line_1_10' title="bbox 572 1594 1723 1715; baseline -0.022 -11"><span class='ocrx_word' id='word_1_65' title='bbox 572 1619 613 1703; x_wconf 88' lang='lat' dir='ltr'>id</span> <span class='ocrx_word' id='word_1_66' title='bbox 626 1646 676 1703; x_wconf 83' lang='lat' dir='ltr'>ex</span> <span class='ocrx_word' id='word_1_67' title='bbox 691 1645 741 1702; x_wconf 87' lang='lat' dir='ltr'>eo</span> <span class='ocrx_word' id='word_1_68' title='bbox 760 1612 895 1699; x_wconf 84' lang='lat' dir='ltr'>venire</span> <span class='ocrx_word' id='word_1_69' title='bbox 913 1607 1066 1711; x_wconf 83' lang='lat' dir='ltr'>debuit,</span> <span class='ocrx_word' id='word_1_70' title='bbox 1093 1602 1206 1715; x_wconf 91' lang='lat' dir='ltr'>quod</span> <span class='ocrx_word' id='word_1_71' title='bbox 1225 1596 1325 1685; x_wconf 87' lang='lat' dir='ltr'>radii</span> <span class='ocrx_word' id='word_1_72' title='bbox 1340 1597 1364 1678; x_wconf 80' lang='lat' dir='ltr'>l</span> <span class='ocrx_word' id='word_1_73' title='bbox 1375 1601 1412 1684; x_wconf 68' lang='grc'>8(</span> <span class='ocrx_word' id='word_1_74' title='bbox 1430 1603 1456 1667; x_wconf 79' lang='grc' dir='ltr'>λ</span> <span class='ocrx_word' id='word_1_75' title='bbox 1473 1594 1644 1704; x_wconf 64' lang='lat' dir='ltr'>refracti,</span> <span class='ocrx_word' id='word_1_76' title='bbox 1672 1624 1723 1682; x_wconf 83' lang='lat' dir='ltr'>ex</span> 
     </span>
     <span class='ocr_line' id='line_1_11' title="bbox 574 1725 1730 1860; baseline -0.023 -26"><span class='ocrx_word' id='word_1_77' title='bbox 574 1744 724 1860; x_wconf 73' lang='lat' dir='ltr'>quibus</span> <span class='ocrx_word' id='word_1_78' title='bbox 750 1739 851 1827; x_wconf 86' lang='lat' dir='ltr'>hanc</span> <span class='ocrx_word' id='word_1_79' title='bbox 866 1729 1059 1823; x_wconf 86' lang='lat' dir='ltr'>coronam</span> <span class='ocrx_word' id='word_1_80' title='bbox 1075 1727 1255 1844; x_wconf 87' lang='lat' dir='ltr'>generari</span> <span class='ocrx_word' id='word_1_81' title='bbox 1274 1725 1451 1831; x_wconf 86' lang='lat' dir='ltr'>deberet,</span> <span class='ocrx_word' id='word_1_82' title='bbox 1478 1726 1582 1810; x_wconf 88' lang='lat' dir='ltr'>haud</span> <span class='ocrx_word' id='word_1_83' title='bbox 1605 1726 1730 1810; x_wconf 88' lang='lat' dir='ltr'>citius</span> 
     </span>
     <span class='ocr_line' id='line_1_12' title="bbox 574 1849 1750 1985; baseline -0.021 -26"><span class='ocrx_word' id='word_1_84' title='bbox 574 1898 700 1985; x_wconf 89' lang='lat' dir='ltr'>quam</span> <span class='ocrx_word' id='word_1_85' title='bbox 715 1870 765 1955; x_wconf 89' lang='lat' dir='ltr'>ad</span> <span class='ocrx_word' id='word_1_86' title='bbox 787 1866 955 1951; x_wconf 87' lang='lat' dir='ltr'>retinam</span> <span class='ocrx_word' id='word_1_87' title='bbox 973 1857 1288 1967; x_wconf 86' lang='lat' dir='ltr'>convergebant,</span> <span class='ocrx_word' id='word_1_88' title='bbox 1308 1849 1527 1959; x_wconf 87' lang='lat' dir='ltr'>autpotius</span> <span class='ocrx_word' id='word_1_89' title='bbox 1542 1879 1625 1937; x_wconf 89' lang='lat' dir='ltr'>non</span> <span class='ocrx_word' id='word_1_90' title='bbox 1642 1873 1750 1951; x_wconf 41' lang='lat' dir='ltr'>tarn,</span> 
     </span>
     <span class='ocr_line' id='line_1_13' title="bbox 578 1978 1733 2096; baseline -0.026 -10"><span class='ocrx_word' id='word_1_91' title='bbox 578 2000 675 2087; x_wconf 83' lang='lat' dir='ltr'>cito·</span> <span class='ocrx_word' id='word_1_92' title='bbox 727 1992 890 2080; x_wconf 87' lang='lat' dir='ltr'>Etenim</span> <span class='ocrx_word' id='word_1_93' title='bbox 917 1982 1125 2096; x_wconf 78' lang='lat' dir='ltr'>probabile</span> <span class='ocrx_word' id='word_1_94' title='bbox 1143 1980 1315 2083; x_wconf 86' lang='lat' dir='ltr'>videtur,</span> <span class='ocrx_word' id='word_1_95' title='bbox 1341 1978 1455 2087; x_wconf 88' lang='lat' dir='ltr'>quod</span> <span class='ocrx_word' id='word_1_96' title='bbox 1479 1979 1621 2063; x_wconf 84' lang='lat' dir='ltr'>tunicae</span> <span class='ocrx_word' id='word_1_97' title='bbox 1643 2002 1733 2063; x_wconf 91' lang='lat' dir='ltr'>cor·</span> 
     </span>
     <span class='ocr_line' id='line_1_14' title="bbox 578 2100 1737 2229; baseline -0.02 -19"><span class='ocrx_word' id='word_1_98' title='bbox 578 2150 656 2214; x_wconf 79' lang='lat' dir='ltr'>neae</span> <span class='ocrx_word' id='word_1_99' title='bbox 676 2145 763 2229; x_wconf 83' lang='lat' dir='ltr'>pars</span> <span class='ocrx_word' id='word_1_100' title='bbox 778 2118 911 2224; x_wconf 87' lang='lat' dir='ltr'>aliqua</span> <span class='ocrx_word' id='word_1_101' title='bbox 929 2112 979 2196; x_wconf 89' lang='lat' dir='ltr'>ab</span> <span class='ocrx_word' id='word_1_102' title='bbox 1005 2111 1172 2192; x_wconf 69' lang='lat' dir='ltr'>externi</span> <span class='ocrx_word' id='word_1_103' title='bbox 1199 2100 1395 2213; x_wconf 73' lang='lat' dir='ltr'>pressione</span> <span class='ocrx_word' id='word_1_104' title='bbox 1418 2103 1539 2211; x_wconf 86' lang='lat' dir='ltr'>poffit</span> <span class='ocrx_word' id='word_1_105' title='bbox 1561 2104 1648 2188; x_wconf 86' lang='lat' dir='ltr'>fieri</span> <span class='ocrx_word' id='word_1_106' title='bbox 1674 2106 1737 2188; x_wconf 82' lang='lat' dir='ltr'>so-</span> 
     </span>
     <span class='ocr_line' id='line_1_15' title="bbox 582 2226 1736 2343; baseline -0.027 -6"><span class='ocrx_word' id='word_1_107' title='bbox 582 2252 655 2339; x_wconf 90' lang='lat' dir='ltr'>lito</span> <span class='ocrx_word' id='word_1_108' title='bbox 667 2241 900 2343; x_wconf 77' lang='lat' dir='ltr'>convenior,</span> <span class='ocrx_word' id='word_1_109' title='bbox 916 2241 954 2323; x_wconf 72' lang='lat'>8&lt;</span> <span class='ocrx_word' id='word_1_110' title='bbox 973 2229 1043 2315; x_wconf 85' lang='lat' dir='ltr'>nifi</span> <span class='ocrx_word' id='word_1_111' title='bbox 1060 2232 1136 2313; x_wconf 87' lang='lat' dir='ltr'>hoc</span> <span class='ocrx_word' id='word_1_112' title='bbox 1153 2226 1325 2324; x_wconf 88' lang='lat' dir='ltr'>eveniat,</span> <span class='ocrx_word' id='word_1_113' title='bbox 1355 2227 1455 2306; x_wconf 87' lang='lat' dir='ltr'>radii</span> <span class='ocrx_word' id='word_1_114' title='bbox 1469 2227 1527 2307; x_wconf 90' lang='lat' dir='ltr'>illi</span> <span class='ocrx_word' id='word_1_115' title='bbox 1545 2254 1627 2309; x_wconf 92' lang='lat' dir='ltr'>non</span> <span class='ocrx_word' id='word_1_116' title='bbox 1645 2226 1736 2332; x_wconf 91' lang='lat' dir='ltr'>pos·</span> 
     </span>
     <span class='ocr_line' id='line_1_16' title="bbox 583 2347 1733 2475; baseline -0.025 -11"><span class='ocrx_word' id='word_1_117' title='bbox 583 2379 673 2464; x_wconf 89' lang='lat' dir='ltr'>sunt</span> <span class='ocrx_word' id='word_1_118' title='bbox 691 2368 810 2455; x_wconf 86' lang='lat' dir='ltr'>citius</span> <span class='ocrx_word' id='word_1_119' title='bbox 833 2389 958 2475; x_wconf 87' lang='lat' dir='ltr'>qnam</span> <span class='ocrx_word' id='word_1_120' title='bbox 987 2357 1040 2441; x_wconf 90' lang='lat' dir='ltr'>ad</span> <span class='ocrx_word' id='word_1_121' title='bbox 1065 2354 1234 2438; x_wconf 83' lang='lat' dir='ltr'>retinam</span> <span class='ocrx_word' id='word_1_122' title='bbox 1253 2347 1483 2435; x_wconf 88' lang='lat' dir='ltr'>convenire.</span> <span class='ocrx_word' id='word_1_123' title='bbox 1536 2348 1608 2433; x_wconf 91' lang='lat' dir='ltr'>Illa</span> <span class='ocrx_word' id='word_1_124' title='bbox 1632 2378 1733 2436; x_wconf 84' lang='lat' dir='ltr'>vero</span> 
     </span>
     <span class='ocr_line' id='line_1_17' title="bbox 591 2472 1740 2597; baseline -0.023 -6"><span class='ocrx_word' id='word_1_125' title='bbox 591 2502 871 2593; x_wconf 83' lang='lat' dir='ltr'>tortiacorona</span> <span class='ocrx_word' id='word_1_126' title='bbox 898 2518 980 2575; x_wconf 92' lang='lat' dir='ltr'>non</span> <span class='ocrx_word' id='word_1_127' title='bbox 1011 2481 1140 2597; x_wconf 86' lang='lat' dir='ltr'>potest</span> <span class='ocrx_word' id='word_1_128' title='bbox 1153 2503 1361 2591; x_wconf 88' lang='lat' dir='ltr'>apparere,</span> <span class='ocrx_word' id='word_1_129' title='bbox 1382 2472 1461 2559; x_wconf 78' lang='lat' dir='ltr'>niu.</span> <span class='ocrx_word' id='word_1_130' title='bbox 1470 2477 1588 2563; x_wconf 88' lang='lat' dir='ltr'>citius</span> <span class='ocrx_word' id='word_1_131' title='bbox 1603 2478 1672 2584; x_wconf 78' lang='lat' dir='ltr'>(ut</span> <span class='ocrx_word' id='word_1_132' title='bbox 1686 2480 1740 2565; x_wconf 85' lang='lat' dir='ltr'>ad</span> 
     </span>
     <span class='ocr_line' id='line_1_18' title="bbox 589 2607 1745 2739; baseline -0.021 -22"><span class='ocrx_word' id='word_1_133' title='bbox 589 2621 906 2739; x_wconf 69' lang='lat' dir='ltr'>ilconveniant.</span> <span class='ocrx_word' id='word_1_134' title='bbox 947 2613 988 2697; x_wconf 87' lang='lat' dir='ltr'>Si</span> <span class='ocrx_word' id='word_1_135' title='bbox 1004 2612 1124 2721; x_wconf 87' lang='lat' dir='ltr'>longe</span> <span class='ocrx_word' id='word_1_136' title='bbox 1142 2607 1246 2693; x_wconf 92' lang='lat' dir='ltr'>ultra</span> <span class='ocrx_word' id='word_1_137' title='bbox 1259 2623 1523 2712; x_wconf 83' lang='lat' dir='ltr'>convergunt,</span> <span class='ocrx_word' id='word_1_138' title='bbox 1549 2632 1745 2693; x_wconf 86' lang='lat' dir='ltr'>coronam</span> 
     </span>
     <span class='ocr_line' id='line_1_19' title="bbox 590 2726 1743 2862; baseline -0.025 -19"><span class='ocrx_word' id='word_1_139' title='bbox 590 2778 691 2843; x_wconf 89' lang='lat' dir='ltr'>tunc</span> <span class='ocrx_word' id='word_1_140' title='bbox 703 2749 876 2862; x_wconf 86' lang='lat' dir='ltr'>quidem</span> <span class='ocrx_word' id='word_1_141' title='bbox 893 2741 1082 2830; x_wconf 89' lang='lat' dir='ltr'>deberent</span> <span class='ocrx_word' id='word_1_142' title='bbox 1105 2726 1279 2836; x_wconf 87' lang='lat' dir='ltr'>efficere,</span> <span class='ocrx_word' id='word_1_143' title='bbox 1306 2729 1370 2815; x_wconf 87' lang='lat' dir='ltr'>led</span> <span class='ocrx_word' id='word_1_144' title='bbox 1389 2729 1502 2834; x_wconf 79' lang='lat' dir='ltr'>cujus</span> <span class='ocrx_word' id='word_1_145' title='bbox 1526 2755 1615 2839; x_wconf 88' lang='lat' dir='ltr'>pars</span> <span class='ocrx_word' id='word_1_146' title='bbox 1631 2755 1743 2815; x_wconf 85' lang='lat' dir='ltr'>exte·</span> 
     </span>
     <span class='ocr_line' id='line_1_20' title="bbox 591 2853 1744 2974; baseline -0.021 -11"><span class='ocrx_word' id='word_1_147' title='bbox 591 2879 674 2963; x_wconf 91' lang='lat' dir='ltr'>rior</span> <span class='ocrx_word' id='word_1_148' title='bbox 693 2869 931 2974; x_wconf 80' lang='lat' dir='ltr'>tabesceret,</span> <span class='ocrx_word' id='word_1_149' title='bbox 952 2868 990 2952; x_wconf 74' lang='lat' dir='ltr'>u</span> <span class='ocrx_word' id='word_1_150' title='bbox 1009 2884 1107 2945; x_wconf 91' lang='lat' dir='ltr'>tunc</span> <span class='ocrx_word' id='word_1_151' title='bbox 1124 2878 1210 2941; x_wconf 88' lang='lat' dir='ltr'>tres.</span> <span class='ocrx_word' id='word_1_152' title='bbox 1228 2880 1383 2942; x_wconf 79' lang='lat' dir='ltr'>coronae</span> <span class='ocrx_word' id='word_1_153' title='bbox 1399 2854 1440 2937; x_wconf 89' lang='lat' dir='ltr'>in</span> <span class='ocrx_word' id='word_1_154' title='bbox 1458 2853 1656 2938; x_wconf 84' lang='lat' dir='ltr'>exteriore</span> <span class='ocrx_word' id='word_1_155' title='bbox 1675 2884 1744 2940; x_wconf 92' lang='lat' dir='ltr'>eo·</span> 
     </span>
     <span class='ocr_line' id='line_1_21' title="bbox 594 2979 1748 3111; baseline -0.034 -22"><span class='ocrx_word' id='word_1_156' title='bbox 594 3029 687 3091; x_wconf 88' lang='lat' dir='ltr'>rum</span> <span class='ocrx_word' id='word_1_157' title='bbox 703 3020 817 3111; x_wconf 69' lang='lat' dir='ltr'>parte,</span> <span class='ocrx_word' id='word_1_158' title='bbox 833 2996 961 3081; x_wconf 80' lang='lat' dir='ltr'>rubea</span> <span class='ocrx_word' id='word_1_159' title='bbox 990 2985 1325 3098; x_wconf 57' lang='lat' dir='ltr'>conspicerentur,</span> <span class='ocrx_word' id='word_1_160' title='bbox 1374 2982 1449 3067; x_wconf 86' lang='lat' dir='ltr'>Sed</span> <span class='ocrx_word' id='word_1_161' title='bbox 1475 2979 1518 3064; x_wconf 90' lang='lat' dir='ltr'>in</span> <span class='ocrx_word' id='word_1_162' title='bbox 1552 2980 1654 3068; x_wconf 87' lang='lat' dir='ltr'>hisce</span> <span class='ocrx_word' id='word_1_163' title='bbox 1688 2981 1748 3068; x_wconf 86' lang='lat' dir='ltr'>vi.</span> 
     </span>
     <span class='ocr_line' id='line_1_22' title="bbox 596 3104 1748 3230; baseline -0.023 -12"><span class='ocrx_word' id='word_1_164' title='bbox 596 3132 689 3217; x_wconf 81' lang='lat' dir='ltr'>dear</span> <span class='ocrx_word' id='word_1_165' title='bbox 706 3122 875 3229; x_wconf 89' lang='lat' dir='ltr'>nimius,</span> <span class='ocrx_word' id='word_1_166' title='bbox 884 3114 1095 3230; x_wconf 77' lang='lat' dir='ltr'>prasertim</span> <span class='ocrx_word' id='word_1_167' title='bbox 1112 3137 1206 3198; x_wconf 90' lang='lat' dir='ltr'>cum</span> <span class='ocrx_word' id='word_1_168' title='bbox 1234 3130 1344 3192; x_wconf 87' lang='lat' dir='ltr'>tanta</span> <span class='ocrx_word' id='word_1_169' title='bbox 1358 3104 1561 3191; x_wconf 85' lang='lat' dir='ltr'>causarum</span> <span class='ocrx_word' id='word_1_170' title='bbox 1577 3108 1748 3193; x_wconf 87' lang='lat' dir='ltr'>varietas</span> 
     </span>
     <span class='ocr_line' id='line_1_23' title="bbox 597 3230 1749 3345; baseline -0.021 -5"><span class='ocrx_word' id='word_1_171' title='bbox 597 3283 683 3345; x_wconf 88' lang='lat' dir='ltr'>non</span> <span class='ocrx_word' id='word_1_172' title='bbox 700 3251 829 3336; x_wconf 87' lang='lat' dir='ltr'>solum</span> <span class='ocrx_word' id='word_1_173' title='bbox 848 3244 1024 3333; x_wconf 68' lang='lat' dir='ltr'>atanici</span> <span class='ocrx_word' id='word_1_174' title='bbox 1038 3239 1197 3340; x_wconf 76' lang='lat' dir='ltr'>cornel,</span> <span class='ocrx_word' id='word_1_175' title='bbox 1241 3233 1304 3320; x_wconf 87' lang='lat' dir='ltr'>sed</span> <span class='ocrx_word' id='word_1_176' title='bbox 1321 3230 1491 3317; x_wconf 84' lang='lat' dir='ltr'>humore</span> <span class='ocrx_word' id='word_1_177' title='bbox 1509 3231 1749 3345; x_wconf 88' lang='lat' dir='ltr'>crystallino,</span> 
     </span>
     <span class='ocr_line' id='line_1_24' title="bbox 600 3354 1751 3480; baseline -0.025 -11"><span class='ocrx_word' id='word_1_178' title='bbox 600 3378 820 3471; x_wconf 84' lang='lat' dir='ltr'>&amp;aliunde</span> <span class='ocrx_word' id='word_1_179' title='bbox 851 3371 974 3460; x_wconf 89' lang='lat' dir='ltr'>etiam</span> <span class='ocrx_word' id='word_1_180' title='bbox 1004 3369 1088 3480; x_wconf 91' lang='lat' dir='ltr'>peti</span> <span class='ocrx_word' id='word_1_181' title='bbox 1118 3361 1292 3475; x_wconf 79' lang='lat' dir='ltr'>poliunt,</span> <span class='ocrx_word' id='word_1_182' title='bbox 1318 3381 1366 3445; x_wconf 85' lang='lat' dir='ltr'>ut</span> <span class='ocrx_word' id='word_1_183' title='bbox 1385 3359 1490 3445; x_wconf 84' lang='lat' dir='ltr'>haud</span> <span class='ocrx_word' id='word_1_184' title='bbox 1517 3357 1563 3444; x_wconf 88' lang='lat' dir='ltr'>fit</span> <span class='ocrx_word' id='word_1_185' title='bbox 1584 3354 1751 3444; x_wconf 88' lang='lat' dir='ltr'>difficile</span> 
     </span>
     <span class='ocr_line' id='line_1_25' title="bbox 601 3474 1753 3620; baseline -0.018 -28"><span class='ocrx_word' id='word_1_186' title='bbox 601 3507 734 3620; x_wconf 88' lang='lat' dir='ltr'>plures</span> <span class='ocrx_word' id='word_1_187' title='bbox 750 3496 954 3605; x_wconf 72' lang='lat' dir='ltr'>affigam,</span> <span class='ocrx_word' id='word_1_188' title='bbox 981 3519 1070 3599; x_wconf 83' lang='lat' dir='ltr'>quae</span> <span class='ocrx_word' id='word_1_189' title='bbox 1095 3489 1253 3573; x_wconf 87' lang='lat' dir='ltr'>eosdem</span> <span class='ocrx_word' id='word_1_190' title='bbox 1276 3483 1475 3594; x_wconf 88' lang='lat' dir='ltr'>quossibet</span> <span class='ocrx_word' id='word_1_191' title='bbox 1496 3477 1659 3569; x_wconf 72' lang='lat' dir='ltr'>effedlus</span> <span class='ocrx_word' id='word_1_192' title='bbox 1685 3474 1753 3572; x_wconf 84' lang='lat' dir='ltr'>di.</span> 
     </span>
     <span class='ocr_line' id='line_1_26' title="bbox 603 3609 1752 3733; baseline -0.018 -16"><span class='ocrx_word' id='word_1_193' title='bbox 603 3629 723 3717; x_wconf 76' lang='lat' dir='ltr'>uersis</span> <span class='ocrx_word' id='word_1_194' title='bbox 753 3616 1003 3733; x_wconf 86' lang='lat' dir='ltr'>temporibus</span> <span class='ocrx_word' id='word_1_195' title='bbox 1036 3611 1275 3724; x_wconf 89' lang='lat' dir='ltr'>producant.</span> <span class='ocrx_word' id='word_1_196' title='bbox 1334 3609 1483 3693; x_wconf 88' lang='lat' dir='ltr'>Nescio</span> <span class='ocrx_word' id='word_1_197' title='bbox 1520 3630 1666 3715; x_wconf 86' lang='lat' dir='ltr'>tamen,</span> <span class='ocrx_word' id='word_1_198' title='bbox 1700 3636 1752 3696; x_wconf 81' lang='lat' dir='ltr'>an</span> 
     </span>
     <span class='ocr_line' id='line_1_27' title="bbox 606 3732 1755 3866; baseline -0.012 -30"><span class='ocrx_word' id='word_1_199' title='bbox 606 3781 734 3863; x_wconf 76' lang='lat' dir='ltr'>operae</span> <span class='ocrx_word' id='word_1_200' title='bbox 758 3748 936 3866; x_wconf 87' lang='lat' dir='ltr'>pretium</span> <span class='ocrx_word' id='word_1_201' title='bbox 960 3738 1007 3825; x_wconf 88' lang='lat' dir='ltr'>fit</span> <span class='ocrx_word' id='word_1_202' title='bbox 1033 3756 1223 3825; x_wconf 87' lang='lat' dir='ltr'>annotare</span> <span class='ocrx_word' id='word_1_203' title='bbox 1248 3732 1401 3819; x_wconf 86' lang='lat' dir='ltr'>causam</span> <span class='ocrx_word' id='word_1_204' title='bbox 1430 3735 1633 3821; x_wconf 87' lang='lat' dir='ltr'>radiorum</span> <span class='ocrx_word' id='word_1_205' title='bbox 1651 3739 1678 3822; x_wconf 69' lang='lat' dir='ltr'>a</span> <span class='ocrx_word' id='word_1_206' title='bbox 1695 3737 1755 3822; x_wconf 75' lang='lat' dir='ltr'>lu</span> 
     </span>
     <span class='ocr_line' id='line_1_28' title="bbox 606 3857 1757 3981; baseline -0.017 -15"><span class='ocrx_word' id='word_1_207' title='bbox 606 3875 705 3966; x_wconf 84' lang='lat' dir='ltr'>cidis</span> <span class='ocrx_word' id='word_1_208' title='bbox 723 3870 961 3981; x_wconf 84' lang='lat' dir='ltr'>corporibus</span> <span class='ocrx_word' id='word_1_209' title='bbox 979 3865 1070 3950; x_wconf 88' lang='lat' dir='ltr'>hinc</span> <span class='ocrx_word' id='word_1_210' title='bbox 1090 3863 1183 3947; x_wconf 87' lang='lat' dir='ltr'>inde</span> <span class='ocrx_word' id='word_1_211' title='bbox 1203 3859 1253 3942; x_wconf 91' lang='lat' dir='ltr'>ad</span> <span class='ocrx_word' id='word_1_212' title='bbox 1278 3857 1398 3942; x_wconf 87' lang='lat' dir='ltr'>instar</span> <span class='ocrx_word' id='word_1_213' title='bbox 1416 3857 1592 3945; x_wconf 84' lang='lat' dir='ltr'>trabium&#39;</span> <span class='ocrx_word' id='word_1_214' title='bbox 1610 3862 1652 3946; x_wconf 91' lang='lat' dir='ltr'>in</span> <span class='ocrx_word' id='word_1_215' title='bbox 1670 3859 1757 3947; x_wconf 93' lang='lat' dir='ltr'>lon·</span> 
     </span>
     <span class='ocr_line' id='line_1_29' title="bbox 607 3982 1766 4117; baseline -0.009 -34"><span class='ocrx_word' id='word_1_216' title='bbox 607 4025 710 4117; x_wconf 72' lang='lat' dir='ltr'>,gum</span> <span class='ocrx_word' id='word_1_217' title='bbox 727 3994 1116 4105; x_wconf 85' lang='lat' dir='ltr'>protensarum,cum</span> <span class='ocrx_word' id='word_1_218' title='bbox 1133 3982 1259 4067; x_wconf 92' lang='lat' dir='ltr'>oculis</span> <span class='ocrx_word' id='word_1_219' title='bbox 1269 3982 1523 4092; x_wconf 76' lang='lat' dir='ltr'>panoclausrs</span> <span class='ocrx_word' id='word_1_220' title='bbox 1539 3985 1766 4095; x_wconf 80' lang='lat' dir='ltr'>aspicimus.</span> 
     </span>
     <span class='ocr_line' id='line_1_30' title="bbox 609 4106 1761 4239; baseline -0.019 -23"><span class='ocrx_word' id='word_1_221' title='bbox 609 4128 771 4239; x_wconf 86' lang='lat' dir='ltr'>Nempe</span> <span class='ocrx_word' id='word_1_222' title='bbox 791 4118 1022 4225; x_wconf 87' lang='lat' dir='ltr'>humiditas,</span> <span class='ocrx_word' id='word_1_223' title='bbox 1049 4137 1136 4227; x_wconf 74' lang='lat' dir='ltr'>que</span> <span class='ocrx_word' id='word_1_224' title='bbox 1153 4106 1259 4197; x_wconf 84' lang='lat' dir='ltr'>intet</span> <span class='ocrx_word' id='word_1_225' title='bbox 1272 4106 1418 4197; x_wconf 83' lang='lat' dir='ltr'>cilia&amp;</span> <span class='ocrx_word' id='word_1_226' title='bbox 1433 4110 1609 4197; x_wconf 87' lang='lat' dir='ltr'>tunicam</span> <span class='ocrx_word' id='word_1_227' title='bbox 1619 4136 1761 4195; x_wconf 89' lang='lat' dir='ltr'>corne-</span> 
     </span>
     <span class='ocr_line' id='line_1_31' title="bbox 1696 4261 1775 4324; baseline -0.025 1"><span class='ocrx_word' id='word_1_228' title='bbox 1696 4261 1775 4324; x_wconf 76' lang='lat' dir='ltr'>arm</span> 
     </span>
    </p>
   </div>
   <div class='ocr_carea' id='block_1_3' title="bbox 0 0 2062 5258">
    <p class='ocr_par' dir='ltr' id='par_1_3' title="bbox 0 0 2062 5258">
     <span class='ocr_line' id='line_1_32' title="bbox 0 0 2062 5258; baseline 0 0"><span class='ocrx_word' id='word_1_229' title='bbox 0 0 2062 5258; x_wconf 95' lang='lat' dir='ltr'> </span> 
     </span>
    </p>
   </div>
  </div>
 </body>
</html>
