4058 5258
548 380 658 518 268
866 348 989 487 ⁴De
1027 378 1298 490 Vanus.
1510 384 1604 484 Pan
1642 382 1712 484 ll..

544 646 642 711 cum
658 606 757 700 radii
777 608 905 695 IL&
920 611 960 692 K
974 604 1029 689 M
1047 600 1262 688 secundum
1278 598 1444 683 eandem
1460 595 1605 685 lineam
1631 602 1701 685 SF

546 736 757 836 lucceffne
779 736 999 822 incidentes
1030 755 1113 813 non
1139 725 1246 813 sescus
1282 744 1489 833 emergant
1522 725 1699 832 paralleli

547 892 673 989 quam
701 871 743 954 in
772 857 1091 973 precedentibus,
1128 853 1199 941 ubi
1227 850 1446 963 superficies
1477 847 1701 962 refringen-

548 1024 618 1090 tes·
636 1015 748 1083 erant
767 985 953 1103 paralleli,
980 983 1119 1069 eadem
1146 980 1285 1065 omnia
1308 979 1579 1089 phanomena,
1610 1002 1700 1088 quae

540 1121 771 1218 'sni'ostenla
788 1120 891 1224 sunt,
917 1114 1011 1201 huic
1026 1134 1257 1222 competere
1271 1129 1424 1193 certum
1441 1106 1509 1191 est.
1549 1110 1700 1216 Quem·

550 1252 769 1345 admodum
787 1246 918 1334 lucem
939 1241 1031 1327 solis
1048 1236 1252 1325 coloribus
1267 1233 1384 1343 tingi,
1412 1231 1439 1315 sr
1455 1230 1597 1341 prisma
1614 1229 1704 1316 satis

551 1382 733 1492 amplum
762 1373 1010 1478 adhibeatur,
1055 1387 1103 1452 ut
1126 1363 1293 1474 spatium
1313 1363 1352 1468 ⁸F
1370 1362 1409 1442 G
1426 1357 1446 1437 I
1469 1355 1534 1439 vel
1558 1358 1590 1440 F
1605 1361 1648 1442 H
1665 1363 1706 1443 K

551 1505 720 1596 sufficiat
737 1495 1061 1587 adefficiendarn
1086 1489 1302 1579 senfibilem
1326 1481 1620 1592 divergentiam
1643 1509 1704 1563 ra·-

552 1639 715 1723 diorum
739 1649 955 1738 antequam
983 1649 1053 1731 per
1071 1620 1254 1704 iteratam
1273 1608 1550 1698 refractionem
1577 1611 1618 1694 in
1637 1635 1706 1718 pa·

552 1756 804 1845 rallelismum
835 1752 1088 1843 reducantur,
1115 1739 1179 1825 sed
1213 1738 1404 1845 eiusmodi
1433 1735 1586 1821 colores
1619 1749 1717 1818 non»

553 1881 808 1997 perfectiores
833 1904 904 1987 per
937 1870 1275 1982 longinquitatem
1303 1864 1509 1970 obstaculi,
1535 1864 1721 1976 quoin-1

553 2011 816 2108 terciduntur,
843 2005 1023 2086 evadere.
1080 2000 1185 2081 Item
1214 1996 1307 2080 istos
1337 1993 1507 2099 colores,
1535 1995 1562 2077 fi
1589 1992 1707 2078 oculu

550 2126 769 2241 postposito
799 2122 1030 2204 immediate
1056 2119 1319 2219 excipiantur,
1355 2144 1406 2198 eo
1434 2118 1560 2222 magis
1578 2118 1709 2201 mani·

547 2252 669 2338 festos
702 2243 803 2350 lore,
848 2266 934 2349 quo
967 2233 1187 2343 objestum,
1232 2236 1347 2343 quod
1381 2238 1602 2341 intuemur,
1659 2238 1711 2323 fi‘t

554 2379 675 2470 oculo
721 2368 1000 2484 propinquius,
1045 2384 1095 2448 ut
1127 2365 1176 2447 8ε»
1198 2389 1261 2444 eo
1283 2361 1423 2471 magis,
1458 2390 1544 2476 quo
1570 2368 1710 2474 anguli

557 2518 596 2601 c
615 2516 653 2599 A
672 2508 705 2589 B
732 2505 772 2590 8c
800 2496 940 2583 CBA
968 2495 1135 2603 majores
1159 2490 1356 2597 exilient3
1383 2495 1421 2578 8<
1447 2494 1619 2578 eundem
1642 2496 1709 2579 de·

557 2639 683 2751 nique
703 2627 886 2715 ordinem
917 2619 1068 2707 serrare
1095 2641 1189 2704 cum
1219 2617 1260 2700 in
1297 2616 1508 2702 obversum
1549 2620 1726 2706 oculum·

534 2757 725 2850 *dlree’ce
740 2750 976 2854 mittuntur,
1002 2768 1124 2854 atque
1152 2770 1246 2826 cum
1275 2764 1501 2827 cernuntur·
1519 2747 1568 2828 ad
1589 2745 1712 2853 parie-

560 2914 647 2975 tem
670 2881 831 2966 aliudve
862 2870 1113 2960 obstaculum
1142 2868 1359 2952 terminati.
1417 2871 1512 2954 Hac
1545 2870 1710 2978 inquam

350 3104 354 3113 ,
508 2998 513 3003 ’
562 3010 721 3105 evenire
737 3004 896 3106 debent,
926 2995 1143 3106 fiamplum
1162 2990 1305 3101 prisma
1318 2992 1552 3078 adhibeatur
1576 2992 1735 3104 (quale.

565 3132 738 3248 enaqud
758 3131 869 3216 uitro
886 3124 1120 3216 circundari
1138 3117 1321 3205 fabricari
1349 3117 1489 3229 poffit)
1516 3124 1553 3206 8<
1581 3120 1718 3229 anguli

566 3270 659 3363 A¹8e
676 3266 710 3347 B
726 3256 1020 3348 constituantur
1037 3247 1222 3361 aequales.
1275 3255 1332 3333 At
1356 3248 1398 3330 in
1426 3247 1599 3355 angustis
1624 3245 1735 3355 pris-⁸

571 3384 949 3479 mutibusdistantia
966 3382 1174 3465 radiorum
1209 3379 1284 3461 IL
1310 3378 1348 3459 8(
1377 3382 1414 3458 K
1432 3377 1486 3455 M
1515 3375 1649 3455 minor
1663 3378 1737 3464 est,

569 3537 691 3626 quam
725 3526 772 3589 ut
799 3505 985 3588 colorum
1013 3500 1200 3591 sensibilis
1226 3493 1343 3605 poffit
1363 3490 1436 3575 elie
1463 3493 1652 3604 latitudo,
1680 3504 1721 3587 8(

570 3620 662 3741 enm
679 3630 815 3745 anguli
835 3632 979 3719 Anu
996 3628 1087 3717 sunt
1111 3620 1333 3737 inequales,
1357 3620 1520 3727 perinde
1534 3623 1604 3728 est,
1631 3627 1720 3711 aeli

573 3766 834 3874 refringentes
864 3759 1087 3872 superficies
1113 3760 1154 3840 in
1181 3745 1486 3861 precedentibus
1515 3782 1599 3839 non
1632 3753 1731 3841 sunt.

574 3887 775 4025 pptallelae‚
799 3892 838 3976 8(
858 3884 998 3978 ssmiles
1016 3885 1104 3973 sune
1121 3872 1315 3965 effeetus-2.

1584 4226 1744 4331 anm
