4028 5252
530 372 597 497 28
686 368 1435 487 Rroronun-Drvansn
1523 368 1695 472 Panl.

533 605 662 716 magis
690 596 778 685 aliis
810 623 834 679 a
862 591 1047 706 prismate
1072 583 1360 698 refringuntur,
1387 581 1444 665 ita
1472 607 1521 672 ut
1550 618 1697 679 eorum

536 730 687 848 puncta
716 721 1046 827 coneursus,s1ve
1076 714 1170 825 foci,
1191 714 1276 827 ,qui
1296 710 1420 821 prius,
1452 716 1699 830 coinciddre,

537 867 618 976 jam
638 858 779 973 finguli
809 856 953 942 cadant
983 847 1155 954 seorsim,
1182 845 1330 929 lineam
1358 840 1511 931 tellam
1536 855 1699 946 confici.

390 1070 393 1079 .
542 1002 670 1076 entes.
727 991 789 1070 Ac
817 978 999 1092 proinde,
1027 974 1137 1083 quod
1168 999 1261 1058 anes
1288 968 1583 1085 penicillorum,
1626 984 1698 1093 qui

388 1131 394 1143 '
543 1114 664 1203 radiis
698 1132 794 1222 puta
810 1100 1043 1209 succatfivis,
1069 1098 1241 1211 eousque
1253 1096 1547 1212 concidebant,
1570 1107 1700 1198 donec

544 1243 716 1353 attigere
741 1235 900 1348 prisma,
945 1229 1003 1317 ibi
1027 1254 1098 1340 per
1130 1227 1282 1311 variam
1318 1221 1597 1319 refractionem
1624 1234 1702 1323 srnt

546 1361 677 1452 effecti
692 1363 957 1470 divergentes,
984 1374 1032 1442 ut
1049 1353 1100 1438 ad
1117 1351 1229 1441 focos
1244 1349 1525 1462 penicillorum
1539 1356 1582 1445 in
1595 1359 1701 1450 linea

548 1489 660 1578 rediri
675 1489 845 1598 jacentes
863 1498 1042 1596 pergant.

444 1864 456 1885 ·
552 1828 707 1937 XXII.
756 1821 1128 1971 Circumstantia
1175 1822 1382 1932 variata
1432 1822 1578 1940 eidem
1629 1830 1707 1947 dt·

757 1978 1004 2134 scriptioni
1038 1977 1204 2132 νῆψις
1227 1977 1509 2132 applicatur.

612 2232 840 2323 81Prisma
874 2232 991 2322 llellaa
1009 2233 1179 2319 Veneris
1208 2233 1381 2323 vicinius
1412 2267 1534 2350 quam
1558 2243 1711 2336 lentem

559 2365 831 2472 collocaveris,
867 2385 915 2449 ut
941 2362 1041 2449 radii
1068 2383 1137 2472 per
1168 2361 1266 2449 illud
1289 2365 1535 2474 trajiciantur
1563 2375 1711 2485 primo,

559 2498 641 2585 &lt
659 2491 766 2579 lente
783 2490 928 2579 deinde
951 2512 1239 2602 convergentes
1264 2491 1376 2601 liant,
1401 2501 1568 2586 eandem
1585 2500 1712 2588 lineo·

560 2621 643 2709 lam
664 2643 712 2707 ut
732 2621 843 2732 prius
868 2620 1039 2732 videbis,
1062 2617 1156 2705 licet
1179 2621 1311 2708 minus
1328 2623 1579 2738 conspicuam
1596 2633 1634 2719 8<
1652 2629 1715 2714 in·

561 2774 691 2840 ventu
705 2746 1003 2841 difficilliorem.
1058 2750 1147 2856 Jarn
1180 2742 1222 2837 in
1253 2751 1332 2837 hoc
1355 2749 1581 2862 specimine,
1621 2783 1716 2839 cum

562 2884 663 2961 radii
680 2909 820 2960 omnes
838 2882 1052 2957 adveniant
1080 2877 1267 2975 paralleli,
1294 2877 1323 2948 st
1346 2875 1547 2976 aqualiter
1574 2872 1717 2956 refrin

564 3018 755 3109 gerentur
772 2991 1003 3080 transientes
1020 2990 1175 3097 prisma,
1204 3014 1410 3074 manerent
1427 2992 1562 3102 postea
1591 3000 1717 3108 paral·

564 3120 646 3226 leli,
674 3116 796 3226 usque
829 3114 929 3200 durn
962 3113 1060 3197 lenti
1093 3110 1328 3224 inciderent,
1355 3117 1394 3203 8(
1422 3115 1524 3205 inei
1546 3124 1715 3235 proinde

566 3247 617 3338 fic
630 3240 955 3355 refringerentur,
977 3261 1023 3326 ut
1042 3264 1182 3324 omnes
1200 3240 1385 3355 deinceps
1408 3250 1458 3336 ad
1480 3251 1589 3338 idern
1614 3282 1716 3366 pun-

570 3367 684 3455 etum
696 3384 920 3477 pergerent,
946 3368 985 3452 δι
1011 3362 1062 3451 src
1088 3363 1286 3474 punitum
1313 3369 1492 3463 lucidum
1520 3380 1719 3489 conspice·

570 3511 693 3579 retur.
746 3494 894 3600 Quare,
921 3518 1017 3578 curn
1033 3491 1121 3577 vice
1137 3488 1275 3600 punlii
1293 3495 1403 3583 istius
1422 3523 1584 3615 apparet
1602 3503 1722 3620 linea,

571 3617 895 3713 concludendum
908 3623 978 3731 est,
1000 3622 1111 3733 quod
1134 3648 1275 3711 omnes
1298 3628 1399 3714 radii
1420 3657 1505 3716 non
1521 3632 1723 3739 aqualiter

573 3743 864 3862 refringantur.
1316 3796 1319 3803 ⁴

1422 4246 1585 4333 XXIII.
1613 4239 1734 4364 Qud
