4058 5258
312 382 437 524 aaa.
474 412 534 517 11.
588 405 868 511 ennoean
904 401 1297 505 pannonum.
1361 418 1460 531 251

367 739 414 823 N
423 762 490 823 ac
521 733 645 837 secus,
671 758 766 818 cum
796 728 968 839 ejusdem
995 726 1142 840 objecti
1166 750 1297 842 partes
1324 727 1463 840 aliqua

308 864 399 952 sunt
411 859 499 947 aliis
515 878 725 971 utcunque
740 858 968 963 lucidiores,
992 856 1149 944 colores
1166 858 1268 945 varii
1287 860 1461 969 generari

304 996 469 1082 debent.

364 1251 446 1334 Er
473 1245 677 1357 quantitas
706 1235 845 1351 anguli
871 1238 957 1331 Po
976 1242 1033 1352 Τ,
1073 1242 1146 1330 sub
1187 1269 1271 1354 quo
1303 1234 1460 1326 colores

307 1395 514 1487 apparent,
541 1375 619 1460 erit
637 1369 823 1475 maxima,
850 1398 944 1457 cum
970 1372 1113 1484 prisma
1136 1372 1322 1459 statuitur
1340 1368 1461 1456 oculo

306 1498 608 1605 viciniffimum,
633 1523 765 1609 eoque
799 1495 933 1582 minor
962 1500 1104 1584 evadet
1134 1498 1345 1600 continuo,
1371 1520 1458 1605 quo

306 1630 452 1741 prisma
484 1627 651 1738 propius
679 1625 728 1709 ad
752 1621 953 1729 abjedum
972 1625 1203 1711 collocatur.
1257 1623 1458 1731 Quemad-

306 1756 490 1859 modum,
517 1749 758 1863 stprismatis
775 1777 825 1833 ex
844 1751 954 1835 vitro
965 1747 1138 1836 confedii
1153 1749 1322 1859 angulus
1334 1748 1458 1833 verti·

309 1881 403 1967 calis
417 1879 465 1965 sat
480 1892 533 1963 60
549 1904 609 1990 gr.
618 1877 774 1964 colores
791 1875 863 1963 sub
877 1879 1028 1987 angulo
1045 1891 1101 1958 20.
1113 1870 1148 1963 α’
1162 1873 1321 1962 circiter
1338 1904 1454 1989 appa·

308 2008 471 2110 rebunt,
498 2032 589 2092 cum
609 2003 795 2115 proxime
822 2002 986 2088 oculum
1009 2001 1246 2114 disponitur,
1271 2008 1311 2092 8(
1338 2024 1392 2090 1⁰.
1422 2021 1456 2088 1'

305 2160 400 2221 cum
417 2126 649 2219 intermedii
665 2129 772 2214 inter
799 2128 1021 2216 oculum&
1044 2127 1248 2236 objedtum
1271 2131 1457 2219 distantid

304 2259 503 2368 statuitur,
530 2264 569 2348 dt
598 2255 707 2371 quast
731 2262 813 2363 30}
830 2256 932 2342 min.
952 2281 1049 2340 cum
1076 2255 1199 2367 triplo
1225 2257 1315 2368 plus
1339 2259 1455 2345 distat

298 2393 354 2477 ab
378 2390 499 2476 oculo
531 2414 655 2500 quam
685 2386 737 2471 ab
766 2383 942 2493 objesto,
977 2389 1018 2466 δι
1048 2386 1099 2469 stc
1121 2407 1319 2492 praterea.
1374 2392 1454 2479 Hic

300 2537 439 2598 autem
457 2514 639 2622 suppono
654 2512 784 2597 radios
798 2513 848 2598 ad
872 2533 1085 2623 utramque
1108 2507 1354 2619 superficiem
1370 2519 1455 2623 ejus

305 2636 507 2745 aqualiter
524 2635 700 2746 refringi.
757 2637 881 2744 Nam,
896 2662 990 2724 cum
1009 2632 1245 2746 positionem
1258 2639 1307 2721 ad
1322 2642 1454 2728 radios

304 2788 356 2844 ex
384 2759 576 2844 alterutrd
603 2781 714 2868 parte
742 2757 1010 2869 obliquiorem
1041 2761 1316 2847 convertendo
1347 2764 1451 2848 circa

188 2970 193 2992 ,
303 2914 420 2973 axem
454 2886 638 2997 acquirit,
677 2883 744 2969 ille
781 2888 950 2996 angulus
975 2885 1201 2998 augebitur.
1258 2892 1451 3000 suppono

304 3011 426 3097 etiam
458 3006 661 3117 objedtum
692 3011 782 3096 satis
806 3010 986 3098 lucidum
1003 3008 1078 3099 effe
1096 3041 1141 3099 ac
1164 3010 1337 3100 tenebris
1355 3015 1450 3103 den·

300 3132 454 3220 -stffimis
471 3138 744 3240 terminatum,
771 3155 819 3219 ut
836 3135 991 3222 colores
1005 3137 1179 3249 adusque
1193 3135 1365 3226 summas
1382 3170 1450 3227 ex·

300 3259 524 3348 tremitates
549 3260 677 3347 videri
696 3254 868 3369 poliunt·
925 3263 1033 3346 Nam
1054 3263 1160 3347 secus
1185 3289 1253 3371 per
1272 3264 1449 3357 latitudi-

302 3415 395 3473 nem
427 3386 506 3493 jam
535 3381 727 3498 affignatr
769 3381 967 3470 minorem
997 3385 1165 3474 distendi
1194 3386 1450 3505 videbuntur,

300 3536 348 3598 ut
365 3533 414 3598 ut
441 3513 491 3597 de
514 3512 742 3627 quantitate
761 3510 921 3623 aliisque
943 3514 1127 3604 colorum
1149 3514 1452 3610 circumstantiis

298 3639 343 3722 in
375 3638 617 3748 quibussibet
633 3640 802 3750 objectis
830 3639 900 3726 sub
931 3644 1003 3728 dio
1028 3641 1244 3748 conspetiis
1259 3673 1449 3755 apparen-

295 3764 419 3865 tium,
440 3764 562 3875 idque
587 3792 662 3873 pro
692 3764 995 3853 refractionibus
1025 3789 1231 3873 utcunque
1254 3766 1369 3858 fartis
1397 3802 1448 3859 ex

296 3881 364 3967 bis
379 3882 490 3970 facile
504 3888 559 3972 est
576 3890 783 3996 conjicere

808 4251 847 4334 K
874 4247 903 4333 k
932 4277 954 4333 a
1288 4244 1449 4331 Cura·
