4028 5252
2 4082 6 4247 l

539 412 607 529 32
696 351 1698 481 RanronuarDrrnasa'Pur.1,

535 604 608 692 ubi
632 594 824 711 posterius
851 588 994 704 prisma
1020 613 1104 672 non
1127 579 1316 671 statuitur
1340 577 1577 690 parallelum
1592 607 1702 676 ante

537 727 636 815 riori
674 710 1141 831 sedTperpendieulariter
1174 700 1452 794 transversum.
1509 712 1625 800 Nam
1659 716 1703 805 in
1856 758 1860 763 .
1904 706 1912 726 ·

535 857 617 944 isto
631 849 733 959 casu,
761 848 790 931 sr
810 845 987 933 anterius
1005 838 1149 950 prisma
1169 832 1403 923 distraheret
1422 835 1642 950 imaginem
1657 845 1703 931 in

543 982 857 1095 longitudinem,
887 975 943 1060 ob
964 971 1083 1055 aliam
1099 988 1383 1082 quamcunque
1406 964 1560 1051 causam
1579 995 1702 1082 quarn

539 1107 744 1195 diversam
777 1093 1152 1210 restangibilitatem
1193 1088 1441 1176 diversorum
1482 1093 1707 1205 radiorum·

547 1262 647 1322 tune
662 1230 856 1344 posterius
884 1222 1029 1336 prisma
1056 1246 1127 1330 per
1145 1214 1399 1304 transversam
1424 1213 1706 1319 refradlionem
1765 1234 1771 1245 '

548 1364 760 1453 distrahere
793 1360 961 1473 deberet!
992 1352 1100 1438 illam
1132 1346 1393 1455 oblongarum
1420 1343 1638 1458 imaginem
1661 1352 1705 1439 in

549 1493 818 1594 latitudinem,
845 1483 950 1575 &sae
968 1479 1277 1597 quadrilaterum
1303 1470 1492 1562 efficeret.
1547 1481 1623 1566 Sed
1639 1468 1706 1567 ex'·

550 1620 823 1729 perimentum
849 1609 1022 1694 tentanti
1037 1633 1099 1687 res
1118 1604 1225 1689 secus
1233 1599 1382 1706 evenit,
1416 1602 1590 1713 imagine
1608 1604 1707 1692 scili·

551 1766 617 1829 cet
649 1769 734 1822 non
764 1734 980 1821 secundum
1011 1729 1266 1813 latitudinem
1299 1724 1475 1833 dilatati,
1500 1730 1564 1815 sed
1580 1731 1708 1821 solum

553 1864 765 1974 obliquati
796 1883 867 1968 per
908 1854 1100 1961 majorem
1136 1849 1418 1939 refraslionem
1448 1858 1711 1946 extremitatis

555 1989 741 2076 violaceo
764 2009 888 2096 quam
927 1979 1067 2064 rubra.
1122 1980 1475 2087 Quemadmodum
1503 1984 1639 2073 videre
1656 1986 1713 2075 est

556 2117 609 2199 ad
637 2112 706 2223 fig.
735 2138 799 2193 rr.
826 2108 899 2193 ubi
931 2108 1069 2215 imago
1099 2107 1196 2192 PT
1231 2132 1302 2215 per
1334 2106 1494 2194 secundi
1518 2111 1713 2220 prismatis

557 2234 839 2323 refrasllonem
859 2229 1095 2318 transfertur
1112 2232 1161 2317 ad
1170 2246 1207 2345 p
1228 2246 1261 2315 t.
1314 2237 1378 2318 Ex
1396 2233 1526 2342 disiis,
1554 2238 1715 2345 opinor,

559 2364 651 2452 saris
667 2364 861 2475 superque
880 2358 1033 2448 constat
1055 2360 1112 2470 id,
1136 2359 1251 2475 quod
1280 2358 1399 2465 initio
1427 2360 1613 2474 proposui
1645 2366 1715 2450 de·

560 2489 891 2603 monstrandum:
921 2489 1113 2603 quoniam
1129 2511 1268 2576 autem
1289 2490 1579 2596 jucunditatem
1599 2493 1718 2579 intel-

562 2619 687 2712 ledui
717 2617 977 2712 &assensum
1000 2618 1223 2735 plerunque
1266 2614 1486 2708 firmiorem
1513 2619 1718 2710 harmonia

562 2776 701 2843 rerum
735 2749 915 2863 plurium
946 2739 1077 2857 affert,
1117 2775 1243 2862 quam
1275 2748 1385 2834 unici
1420 2749 1514 2833 licet
1545 2754 1721 2836 maxime

561 2879 768 2963 scientifici
786 2879 1013 2981 argumenti
1042 2876 1342 2966 testimonium3
1369 2895 1453 2947 non
1480 2868 1558 2946 erit
1576 2875 1647 2952 abs
1666 2898 1724 2978 re,

566 2984 597 3066 fi
628 2985 671 3066 in
701 2978 811 3060 aliud
842 2977 1211 3085 experimentorum
1246 2994 1372 3077 genus
1410 2972 1722 3077 precedentibus

568 3101 760 3190 affinio*
773 3121 1009 3208 experturos
1026 3090 1202 3181 breviter
1216 3093 1482 3184 introducam.

569 3444 756 3556 XXIV.
806 3444 1206 3601 Perstringuntar
1258 3443 1358 3557 alia
1411 3451 1724 3601 experimenta

857 3602 1204 3758 procedentibus
1227 3608 1438 3758 confinia.
1657 3646 1661 3652 ·

633 3862 690 3951 Iu
719 3861 787 3975 fig.
815 3889 879 3950 ra.
914 3866 962 3952 sit
988 3867 1021 3950 F
1047 3862 1225 3951 foramen
1262 3860 1375 3947 valde
1409 3864 1616 3975 exiguum,
1657 3895 1728 3980 pet

578 3993 693 4104 quod
720 3993 855 4082 lumen
882 3994 975 4083 solis
991 3994 1238 4103 trajiciatur3
1272 3990 1417 4080 deinde
1437 3995 1489 4082 ad
1503 3995 1730 4085 distantiam

580 4143 656 4227 pro
683 4117 816 4211 lubitu
846 4144 1035 4233 magnam
1064 4118 1262 4209 statuatur
1294 4117 1436 4232 prisma
1467 4120 1617 4232 ABG,
1660 4148 1735 4337 9Σὲ

1620 4271 1679 4359 qu
