4058 5258
270 376 398 483 Sect.
436 294 498 473 ll.
536 300 817 468 Cononuu
854 363 1246 470 Pnauouuurs.
1322 393 1430 503 255

319 704 388 785 Hr
407 728 424 783 s
455 689 578 779 etiam
597 685 797 813 contraria
814 687 905 775 suut
921 692 1207 804 experimenta,
1224 697 1334 803 quod
1351 697 1421 782 ob·

266 827 366 937 jetta
383 825 467 911 duo
481 827 558 910 five
571 817 660 901 sunt
677 813 822 901 circelli
842 820 1010 904 cartacei
1040 822 1081 904 X
1107 821 1197 904 &Y
1228 820 1317 931 (fig.
1335 828 1425 931 44.)

267 952 429 1043 diversis
447 946 652 1034 coloribus
671 942 863 1052 illustrati,
891 946 969 1032 sive
989 947 1234 1033 diversorum
1261 949 1422 1059 prisma·

270 1109 359 1169 tum
373 1075 545 1189 paralleli
563 1071 626 1158 vel
644 1068 882 1158 decussautes
899 1073 1066 1180 colores,
1084 1099 1129 1159 ut
1143 1080 1196 1161 M
1215 1080 1257 1163 N
1272 1082 1309 1165 8(
1323 1106 1362 1160 m
1380 1106 1420 1186 n,

269 1211 357 1321 (fig.
377 1209 452 1315 46)
486 1208 541 1290 ita
571 1195 728 1314 possunt
763 1202 963 1289 mediante
995 1204 1075 1289 alio
1109 1204 1293 1314 prismate
1325 1238 1421 1295 con·

267 1337 375 1449 spici,
403 1357 448 1419 ut
463 1330 505 1417 in
522 1357 647 1417 unum
663 1327 875 1414 coalescere
892 1331 1123 1417 videantur..

323 1593 378 1672 Et
394 1603 532 1695 prater
557 1581 636 1686 jam
660 1582 846 1666 recensita
869 1577 1088 1691 perinfigne
1109 1578 1167 1666 cst
1195 1577 1427 1687 hujusmodi?

244 1812 248 1819 ,
267 1710 600 1823 experimentum,
621 1731 705 1816 quo
723 1703 878 1810 objecta
895 1704 1100 1791 coloribus
1126 1731 1195 1814 per
1214 1707 1420 1815 interposi·

267 1840 420 1923 tionem
466 1829 661 1942 prismatis
704 1829 972 1933 denudantur,
1019 1826 1255 1942 quibuscum
1305 1831 1427 1915 nudo

270 1958 391 2046 oculo
409 1954 528 2040 tinsli
553 1973 761 2065 apparent.
819 1953 1053 2038 Instantiam
1076 1954 1119 2037 in
1135 1951 1227 2036 solis
1242 1954 1418 2062 imagine

269 2083 452 2172 colorati
470 2083 614 2191 accipe,
639 2105 729 2191 quae
752 2077 796 2164 in
814 2080 1007 2188 parietem
1030 2077 1252 2188 aprismate
1269 2086 1308 2165 A
1324 2081 1359 2160 B
1378 2082 1426 2166 C-

268 2210 359 2323 (fig.
376 2208 464 2317 47.)
487 2204 678 2317 projella,
704 2232 798 2290 cum
828 2203 1006 2288 cernitur
1029 2203 1229 2287 mediante
1254 2204 1334 2288 alio
1351 2229 1417 2315 pa·

265 2338 401 2426 rallelo
417 2334 600 2445 prismate
618 2329 684 2413 ab
701 2357 723 2412 c
739 2332 921 2416 manibus
945 2322 1150 2439 prehenso,
1193 2329 1304 2434 cujus
1324 2354 1415 2411 ver·

266 2491 334 2551 tex
348 2467 397 2550 ad
424 2461 558 2571 plagas
585 2457 716 2544 versus
743 2459 917 2544 rubeum
942 2454 1121 2540 colorem
1147 2451 1425 2558 convertitur„

266 2589 294 2673 sl
310 2584 503 2695 spedator
518 2582 556 2666 se
571 2581 729 2690 longius
746 2586 796 2670 ab
812 2583 985 2693 imagine
1000 2577 1198 2688 gradatim
1214 2600 1422 2684 amoveat,

266 2710 459 2823 percipiet
492 2705 645 2792 colores
667 2708 858 2816 paulatim
884 2704 1081 2804 contrahi,
1109 2706 1146 2790 dr
1173 2702 1413 2787 adinvicem

267 2834 441 2947 eousque
471 2834 669 2940 accedere,
714 2836 843 2919 donec
877 2834 1040 2920 tandem
1083 2831 1188 2913 uniti
1235 2827 1421 2913 reficiant.

269 2966 482 3073 imaginem
508 2961 700 3047 albam&
724 2959 967 3045 circularem.
1029 2960 1075 3043 Id
1103 2958 1215 3068 quod
1247 2955 1426 3058 accidet,

268 3116 362 3175 cum
378 3083 607 3196 spectatoris
640 3086 780 3169 eadem
799 3084 854 3166 est
884 3111 906 3165 a
930 3084 1134 3169 coloribus
1158 3082 1341 3168 distantia
1365 3109 1412 3166 ac

267 3212 463 3325 prismatis
482 3211 627 3316 ABC,
654 3206 683 3288 sr
700 3205 826 3290 modo
845 3207 1075 3312 prismatum
1094 3210 1228 3319 anguli
1248 3209 1423 3295 vessica·-

266 3342 324 3427 les
353 3354 571 3450 aequentur.
625 3336 680 3417 Et
712 3329 814 3412 ratio
842 3358 959 3413 exeo
979 3333 1179 3420 manifesta
1203 3334 1272 3438 est,
1299 3337 1423 3443 quod'

268 3465 484 3575 oblongam
506 3460 613 3543 illam
632 3456 849 3564 imaginem
874 3482 922 3539 ex
947 3457 1104 3546 circulis
1123 3458 1200 3543 stre
1214 3457 1413 3546 circulari-

264 3599 340 3682 bus
355 3590 599 3701 imaginibus
623 3584 778 3671 infinite
797 3584 948 3691 multis,
976 3587 1072 3673 &in
1096 3588 1265 3696 longum
1282 3591 1419 3674 conti-1

265 3746 344 3806 nuc
360 3712 551 3825 dispositis
568 3706 817 3796 efformatam
840 3706 913 3795 esse
928 3712 1156 3814 docuerim;
1183 3737 1306 3822 quare
1322 3740 1410 3824 qua

264 3840 417 3928 suntad
436 3864 674 3947 purpuream
692 3838 988 3921 extremitatem
1015 3834 1174 3940 longius
1197 3862 1266 3944 per
1291 3841 1409 3922 refra-

263 3969 442 4055 trionem
457 3958 612 4043 secundi
635 3960 831 4070 prismatis
857 3958 1161 4066 transferuntur,
1189 3982 1235 4047 ut
1252 3986 1422 4050 caterae.

262 4088 409 4206 assequi
428 4081 591 4197 poffint,
613 4082 715 4172 &stc
732 4110 871 4173 omnes
888 4085 1132 4195 coincidcre,

1324 4214 1401 4296 Ao
