4028 5252
304 386 502 494 Secti.
577 377 1273 480 Rarnruururnrraa.
1403 404 1471 523 13

308 606 381 693 ista
415 598 525 714 quast
550 592 788 683 orbicularis
824 614 1044 706 appareret,
1085 593 1211 680 modo
1242 622 1336 683 vera
1372 596 1468 688 effet

308 730 449 844 opinio
480 723 669 840 vulgaris.
724 724 935 832 Quinimo,
972 721 1066 809 licet
1095 721 1241 834 politio
1270 727 1467 836 prismatis

304 861 380 946 alia
398 856 460 963 stt,
483 876 608 968 atque
635 849 830 958 descripfi,
858 848 983 933 modo
1013 848 1113 933 radii
1128 851 1321 963 utrinque
1344 853 1466 941 refra-

306 988 482 1076 &ionem
498 1012 582 1070 nun
610 979 727 1067 valde
752 977 990 1091 inequalem
1007 976 1226 1088 patiantur,
1253 978 1380 1090 figura
1404 1003 1464 1068 ta·

305 1145 399 1203 men
432 1110 621 1225 imaginis
665 1129 879 1220 eapropter
922 1106 992 1191 vix
1026 1106 1333 1194 immutabitur:
1370 1114 1463 1199 Noc

307 1241 484 1331 multum
502 1237 677 1343 interest,
706 1261 757 1317 an
781 1259 928 1343 corpus
943 1260 1114 1343 opacum
1133 1238 1169 1319 E
1188 1238 1242 1339 G,
1269 1231 1463 1326 foramine

303 1371 402 1457 Fad
422 1368 552 1451 radios
566 1364 894 1451 transmittendos
913 1361 1176 1468 terebratum,
1203 1363 1303 1450 citra
1319 1367 1462 1477 prisma
1475 1344 1497 1369 ⁸

307 1496 528 1584 coiiocetur
560 1491 628 1577 vei
655 1490 786 1595 ultra,
823 1517 953 1603 neque
977 1487 1103 1600 figura
1127 1487 1333 1575 foraminis
1358 1497 1464 1581 mul·

307 1649 399 1713 tum
416 1622 590 1710 curanda
616 1620 687 1727 est,
733 1621 856 1707 modo
879 1618 926 1705 fit
964 1619 1124 1728 exigua.
1179 1620 1342 1705 Etenim
1375 1644 1460 1712 tam

304 1779 436 1864 parvae
458 1748 700 1835 variationes
727 1747 834 1833 haud
857 1746 948 1858 plus
981 1743 1199 1831 mutabunt
1229 1743 1461 1861 imaginem,

305 1904 430 1992 quam
459 1874 614 1962 decimi
639 1871 746 1959 forte
774 1872 841 1960 vel
867 1873 1015 1986 quinti
1039 1893 1151 1982 parte
1168 1873 1354 1961 diametri
1371 1877 1459 1989 sua,

301 2004 403 2093 sicut
420 2000 614 2117 cogitanti
649 1999 817 2113 patebit.
873 2007 1012 2112 Atque
1038 2000 1110 2106 ita,
1137 2019 1183 2084 ut
1210 2002 1345 2109 paucis
1372 2024 1460 2090 tan-

302 2130 401 2217 dem
428 2125 769 2239 comprehendam
806 2126 966 2231 omnia„
997 2122 1139 2236 liquet,
1178 2127 1292 2237 quod
1320 2126 1457 2241 imago

299 2253 389 2341 tulis
419 2248 588 2338 tefam
617 2270 665 2335 ut
693 2248 917 2361 plurimum
934 2248 1098 2334 deberet
1117 2243 1192 2333 effe
1210 2247 1332 2337 sendri
1346 2251 1460 2365 quaii

301 2379 550 2486 orbicularis,
584 2376 614 2462 sr
640 2381 767 2465 modo
800 2376 974 2487 ejusdem
1015 2375 1241 2465 incidentia
1271 2378 1315 2465 in
1346 2380 1457 2467 idem

301 2509 481 2594 medium
505 2504 691 2593 refrafflo
720 2507 873 2619 semper
903 2504 1009 2591 foret
1036 2506 1187 2592 eadem.
1243 2506 1318 2592 Sed
1345 2507 1457 2618 prius

305 2652 503 2739 repugnat
524 2631 786 2739 experientia,
813 2634 1065 2743 longitudine
1089 2633 1235 2719 scilicet
1257 2635 1342 2739 ejus
1366 2633 1455 2717 lati·

302 2755 488 2842 tudinem
518 2753 725 2867 plusquam
755 2779 927 2867 quatuor
942 2762 1113 2866 vicibus,
1132 2780 1178 2845 ut
1189 2756 1342 2842 ditium
1362 2755 1457 2866 fuit,

298 2885 529 2974 excedente.
583 2887 697 2993 Ergo
728 2884 925 2995 posterius
961 2909 1159 3002 repugnat
1195 2885 1370 2997 veritati,
1413 2891 1456 2977 dr

294 3012 467 3125 ejusdem
488 3008 711 3097 incidentia
729 3009 918 3101 retractio
938 3017 996 3103 est
1015 3017 1138 3105 varia.

356 3360 442 3463 IX.
478 3353 709 3522 Ejusdem
733 3359 811 3466 rei
839 3354 1168 3504 denonstrauo
1191 3352 1392 3470 brevior.

349 3616 415 3696 Ex
430 3609 573 3696 eodem
600 3608 878 3718 experimento
897 3608 1014 3714 potui
1033 3605 1280 3721 propofitum
1297 3608 1347 3694 src
1362 3608 1456 3698 bre·

298 3734 391 3821 rius
406 3732 619 3843 indicaffe3
647 3758 807 3844 nempe,
832 3760 926 3820 cum
945 3734 1451 3847 itadisposuiffemprisma,

300 3877 346 3943 ut
365 3858 551 3947 refratiio
569 3862 774 3947 radiorum
792 3882 882 3945 tum
896 3862 1211 3974 ingredientium
1232 3885 1321 3948 tum
1339 3890 1452 3976 egre-

297 3979 496 4068 dientium
540 3984 644 4072 foret
679 3985 791 4097 quasr
828 3986 1006 4096 aequalis,
1044 3985 1213 4100 angulos
1248 3988 1385 4073 PFT
1408 3988 1451 4072 δι

295 4106 437 4203 YEZ
485 4111 654 4225 (Fig..a.
674 4109 750 4200 vel.
768 4114 828 4221 3.)
875 4111 1074 4202 dimensus
1105 4112 1206 4225 sum,
1238 4116 1277 4202 dt
1311 4107 1448 4193 inveni

1282 4233 1461 4346 qpidem
