4078 5250
326 383 450 499 Seii.
486 382 525 484 1.
587 304 841 474 ‘Lucra
880 368 1308 485 Coronaeus.
1387 387 1486 497 155

330 604 382 688 nd
413 594 604 706 utrosque
634 585 804 696 colores,
842 588 1012 673 rubrum
1044 584 1140 676 T&
1172 612 1417 698 purpureum
1455 590 1488 670 P

257 704 265 719 ’
329 727 588 840 pertinentes,
617 712 797 801 srmiliter
827 711 1007 799 incidant
1035 713 1076 797 in
1101 711 1242 822 prisma
1269 712 1488 801 secundum

328 850 443 957 abc,
472 843 689 932 fieandem
715 860 901 951 praterea
931 837 1212 924 refradlionem
1249 858 1490 947 paterentur,

331 977 576 1087 imaginesP
596 970 695 1056 T&
707 982 744 1076 p
762 965 986 1051 tdeberent
1004 960 1078 1049 elle
1102 963 1305 1076 parallelae,
1331 962 1490 1069 &idem

330 1133 427 1194 cum
446 1130 531 1189 non
551 1099 727 1186 existunt
750 1094 951 1205 parallelae,
984 1095 1048 1181 sed
1067 1095 1252 1204 imaginis
1262 1109 1336 1203 pt
1363 1113 1491 1179 extro

334 1236 455 1321 mitas
485 1240 737 1341 purpureap
768 1222 929 1337 longius
955 1226 1006 1310 ab
1040 1224 1164 1312 alteri
1195 1225 1369 1334 imagine
1402 1221 1493 1309 PT

335 1357 611 1459 transferatur,
639 1377 765 1465 quam
794 1350 1026 1435 extremitas
1055 1352 1177 1437 rubea
1202 1365 1252 1450 t;
1279 1343 1491 1435 nocellario

188 1546 192 1554 -
333 1485 635 1572 concedendum
660 1476 732 1583 est,
758 1475 871 1588 quod
896 1476 995 1561 radii
1014 1477 1063 1561 ad
1086 1477 1383 1563 extremitatem
1402 1498 1494 1581 pur-

334 1614 547 1722 pureamP
570 1606 781 1693 tendentes
808 1603 935 1714 magis
962 1602 1244 1717 refringantur,
1271 1625 1394 1715 quam
1419 1597 1495 1708 qui

334 1739 508 1849 tendunt
526 1739 576 1823 ad
594 1734 892 1822 extremitatem
911 1731 1074 1820 rubeam
1092 1734 1160 1819 T:
1188 1733 1267 1818 hoc
1284 1731 1354 1836 est,
1380 1724 1495 1842 quod

336 1864 436 1951 radii
455 1883 686 1973 generantes
715 1886 937 1972 purpuram
963 1862 1048 1974 apti
1076 1859 1180 1970 sunt,
1210 1879 1255 1945 ut
1281 1855 1409 1968 magis
1435 1880 1495 1935 re·

338 1989 565 2103 fringantur
596 2018 717 2101 quarn
749 1992 939 2077 ruborem
970 1987 1204 2099 efficientes,
1240 2010 1363 2102 atque
1387 1986 1497 2073 idem

337 2145 503 2233 quoque
521 2118 572 2204 de
587 2118 790 2208 coloribus
806 2121 1053 2209 intermediis
1067 2119 1211 2208 eidem
1226 2114 1381 2207 ratione
1394 2143 1495 2206 con·

336 2244 467 2356 stabit,
495 2245 593 2335 sicut
612 2248 902 2336 ostendendum
917 2249 1119 2363 proposui.

391 2495 456 2579 Iu
484 2494 734 2602 experientiis
764 2492 868 2576 hisce
900 2496 1032 2577 notari
1059 2492 1223 2598 poterit,
1267 2495 1380 2602 quod
1412 2521 1498 2607 quo

339 2616 514 2703 vicinius
540 2619 733 2700 anteriori
757 2613 935 2725 prismati
960 2621 1047 2701 AB
1064 2620 1118 2720 C,
1145 2614 1225 2698 five
1254 2642 1338 2721 quo
1365 2647 1498 2703 remo·

340 2740 422 2827 tius
441 2766 464 2822 a
480 2738 630 2847 pariete
644 2739 722 2822 HI
740 2737 961 2824 collocetur
993 2737 1137 2848 prisma
1158 2736 1352 2849 posterius
1384 2768 1411 2823 a
1424 2740 1450 2823 b
1465 2770 1501 2854 c,

338 2866 535 2979 imagines
547 2881 624 2978 pt
644 2872 683 2957 8(
702 2872 735 2954 Ρ
757 2868 865 2955 Teo
880 2868 1005 2978 magis
1028 2869 1080 2956 ab
1101 2869 1276 2954 invicem
1299 2869 1500 2983 distantes,

338 2996 464 3081 etiarn
482 2996 532 3080 ad
550 2994 587 3078 se
610 2994 739 3102 magis
754 2991 1056 3081 inclinabuntur
1072 3028 1085 3103 ;
1108 2996 1211 3083 adeo
1239 3016 1286 3081 ut
1308 2997 1501 3109 angulum

339 3119 592 3208 semiredum
608 3119 673 3205 vel
695 3120 815 3232 paulo
834 3121 1031 3206 minorem
1056 3152 1107 3209 eo
1130 3122 1377 3232 contineant,
1404 3153 1498 3212 cum

337 3247 525 3360 prismata
543 3243 795 3333 collocantur
818 3247 868 3332 ad
894 3248 1069 3335 invicem
1095 3244 1358 3356 viciniffima3
1386 3251 1499 3358 cujus

337 3376 396 3462 rei
423 3373 526 3461 ratio
555 3369 742 3460 facillima
770 3375 827 3460 est
852 3374 1130 3485 consideranti,
1165 3376 1279 3487 quod
1307 3376 1498 3464 distantia

339 3502 373 3584 P
375 3515 412 3610 p
426 3504 466 3589 δε
479 3499 521 3584 Τ
535 3514 556 3580 t
570 3497 661 3586 sunt
685 3502 730 3586 in
751 3503 907 3589 ratione
925 3502 1100 3614 quidam
1118 3502 1224 3590 dati.
1280 3504 1343 3590 Sic
1364 3505 1408 3589 in
1429 3503 1498 3615 fig.

340 3653 381 3730 2,
407 3624 646 3736 srparallele
663 3629 741 3736 Pp
767 3655 813 3717 ac
842 3632 921 3714 Tr
945 3626 1020 3713 srnt
1039 3631 1082 3714 in
1101 3632 1258 3715 ratione
1281 3626 1384 3738 dart,
1411 3658 1497 3742 quo

340 3752 508 3853 maiores
532 3751 716 3860 existant,
743 3783 794 3840 eo
815 3757 943 3864 major
968 3753 1045 3837 erit
1072 3752 1282 3838 inclinatio
1301 3755 1496 3841 linearum

303 3935 310 3951 .
340 3869 430 3953 PT
453 3888 540 3977 acp
556 3889 589 3956 t.
643 3880 699 3959 Et
718 3878 810 3965 binc
833 3901 944 3991 patet
958 3902 1049 3963 axes
1065 3873 1290 3987 imaginum
1310 3881 1495 3963 omniurn

341 3989 556 4111 produilas
574 4002 788 4089 convenire
809 4006 861 4090 ad
875 4027 1092 4094 commune
1105 4000 1273 4114 aliquod
1298 3999 1495 4112 pontium
1552 4008 1555 4019 “

340 4147 434 4210 cum
449 4092 571 4208 aire'l'
593 4121 648 4208 T.

762 4331 766 4339 ,
882 4254 923 4337 X
955 4274 975 4333 2
1437 4252 1488 4335 Sr
