4078 5250
546 344 650 455 160
825 336 923 440 Da
961 333 1353 438 Rtnroaunr
1498 341 1597 446 Par.
1638 347 1699 450 11.

537 578 672 688 Fies,
700 581 778 667 sive
796 595 948 690 quanta
974 571 1037 660 isti
1055 573 1112 660 rei
1139 567 1338 658 sufficiens
1355 568 1575 685 uideaturg
1599 577 1696 668 ima·

538 706 700 816 ginibus
716 706 766 790 ad
791 702 905 789 istam
925 699 1154 787 distantiam
1181 700 1223 784 in
1239 696 1435 784 direbium
1462 702 1699 814 jacentibus,

539 828 791 938 &prismate
823 826 926 908 abc
951 823 1137 933 deinceps
1161 820 1410 932 interpofrt0,
1433 821 1547 907 facile
1569 829 1698 933 perci·

541 957 640 1063 piet,
672 954 783 1066 quod
807 951 1026 1036 incidentes
1057 947 1241 1050 parallele
1271 968 1477 1055 emergent
1502 947 1697 1046 inclinati,

542 1106 632 1166 tum
649 1082 762 1193 quod
786 1077 977 1189 imagines
999 1103 1085 1161 non
1108 1076 1280 1185 amplius
1304 1077 1346 1160 in
1374 1075 1572 1165 direftum
1600 1080 1700 1185 jace·

541 1207 657 1313 bunt,
684 1196 775 1293 tum
794 1205 906 1317 quod
930 1229 1103 1313 purpura
1123 1205 1242 1288 Mad
1262 1204 1453 1312 majorem
1472 1203 1699 1290 distantiam

501 1324 504 1331 ’
543 1329 803 1419 transferetur
814 1353 949 1442 ,quam
964 1328 1118 1420 rubedo
1136 1326 1191 1410 T.

601 1593 754 1677 Satria
782 1586 967 1699 prismata
993 1615 1076 1672 non
1102 1581 1238 1694 praesto
1266 1580 1355 1693 (int,
1382 1590 1711 1705 experimentum·

546 1719 626 1823 jam
662 1717 869 1803 recitatum
897 1713 1055 1801 duobus
1087 1708 1257 1820 experiri
1281 1712 1412 1822 poffit‚
1431 1715 1551 1824 idque
1577 1716 1702 1800 modo

547 1844 676 1950 magis
703 1840 891 1952 expedito
926 1843 965 1927 8(
992 1836 1108 1923 facili.
1164 1836 1223 1919 Sit
1244 1844 1338 1939 ΑΒ
1357 1844 1395 1925 C
1413 1846 1505 1926 DE
1534 1839 1623 1952 (fig.
1642 1841 1704 1950 4.)

545 1967 688 2074 prisma
716 1970 827 2073 cujus
853 1994 978 2050 unum
1003 1965 1107 2049 latus
1134 1960 1299 2071 planum
1326 1973 1365 2052 A
1382 1969 1416 2048 Β
1434 1970 1525 2051 DE
1549 1993 1705 2078 papyro
1746 1976 1754 1993 ⁴

532 2084 755 2200 ¹denigrati
769 2113 941 2198 tegatur,
968 2091 1126 2176 duobus
1145 2089 1277 2199 parvis
1296 2090 1557 2175 foraminibus
1576 2097 1609 2174 F
1628 2094 1666 2175 dr
1674 2092 1719 2195 f

547 2214 628 2300 luci
649 2214 799 2323 pervii,
825 2241 1001 2324 quorum
1019 2215 1263 2301 foraminum
1284 2219 1377 2304 frtus
1399 2215 1480 2301 esto
1498 2216 1549 2298 ad
1576 2214 1706 2323 longi·

546 2340 731 2425 tudinem
747 2337 943 2447 prismatis
964 2340 1215 2428 transversus.
1270 2342 1391 2427 Tunc
1417 2340 1602 2450 prismate
1627 2341 1707 2426 hoe

548 2472 605 2555 ita
620 2463 820 2577 dispofrto,
848 2488 894 2550 ut
920 2467 1021 2551 radii
1048 2487 1298 2577 permeantes
1324 2466 1395 2551 ista
1416 2467 1612 2554 foramina
1628 2487 1707 2551 ter·

548 2591 813 2681 minentur'in
832 2588 1062 2700 oppositum
1086 2594 1291 2703 quoddam
1313 2592 1492 2702 planum,
1519 2614 1618 2704 puta
1643 2620 1710 2703 pa·

551 2746 701 2832 pyrum
718 2722 761 2803 H
773 2719 816 2826 13
843 2717 1103 2804 transferatur
1119 2720 1189 2806 ista
1205 2746 1379 2832 papyrus
1397 2719 1501 2805 ultra
1519 2724 1712 2848 citraque,

551 2847 680 2931 donec
706 2844 841 2930 videas
865 2845 1059 2956 imagines
1086 2848 1183 2932 duas
1201 2848 1233 2928 P
1249 2847 1290 2931 T
1313 2849 1352 2934 8<
1371 2848 1425 2931 Μ
1440 2849 1484 2931 Ν
1508 2847 1713 2957 contiguis

553 2968 876 3071 extremitatibus
892 2973 934 3057 in
958 2970 1158 3056 direflum
1181 2968 1412 3075 conjunfias
1426 2994 1473 3054 ut
1492 2973 1615 3080 prius,
1644 2974 1712 3057 de·

553 3095 649 3181 inde
675 3095 802 3184 altero
825 3097 1010 3208 prismate
1027 3095 1361 3207 abcinterpofrto
1385 3099 1428 3185 in
1452 3099 1526 3184 fatu
1545 3101 1595 3186 ad
1610 3099 1712 3187 alte·

554 3249 647 3310 rum
657 3224 889 3332 transvers0,
904 3225 1058 3312 videbis
1074 3227 1271 3337 imagines
1286 3224 1370 3309 illas
1384 3225 1418 3308 P
1432 3227 1475 3311 T
1488 3230 1528 3312 8r
1537 3228 1593 3309 M
1607 3230 1653 3310 N
1661 3226 1712 3309 ad

545 3354 729 3461 ptirnr
745 3376 772 3433 tr
791 3350 847 3433 ita
873 3348 1077 3434 transsatas
1109 3345 1196 3447 effe,
1227 3370 1273 3430 ut
1303 3376 1386 3435 non
1413 3348 1583 3452 amplius
1606 3346 1712 3450 jace·

557 3499 628 3563 ant
659 3480 701 3564 in
729 3471 940 3582 direiium,
978 3474 1172 3560 rubedine
1203 3489 1225 3553 t
1254 3503 1278 3556 a
1306 3474 1349 3557 T
1376 3473 1512 3558 minus
1540 3474 1714 3598 remoti,

556 3630 681 3721 quam
698 3627 871 3719 purpura
883 3627 924 3685 m
942 3600 1038 3689 frcut
1053 3599 1096 3685 in
1116 3599 1316 3712 prioribus
1334 3598 1579 3713 contigebat.

604 3843 713 3924 .Es·r
733 3842 892 3929 &aliud
908 3869 959 3928 ex
975 3802 1119 3927 eodem
1135 3835 1246 3923 fonte
1265 3838 1493 3925 derivatum
1508 3838 1720 3951 specimem

561 3961 668 4049 haud
685 3986 854 4071 expertu
870 3962 1076 4057 difficilius
1089 3987 1159 4052 aut
1177 3964 1346 4054 minoris
1360 3966 1583 4054 evidentia.
1621 3961 1721 4050 Prif-

535 4234 538 4240 .
563 4108 670 4247 mate
684 4090 840 4195 ΑΒΕ,
868 4088 958 4199 (fig.
989 4096 1033 4201 5)
1059 4095 1174 4203 juxta
1196 4092 1376 4223 foramen
1393 4095 1489 4181 Fut
1506 4088 1720 4304 pripgcppss·

1706 4274 1721 4323 i
