4058 5258
322 348 445 463 Stel.
480 337 544 452 ΙΙ.
581 344 864 447 corouun
902 339 1296 455 Pnnuorururr.
1371 376 1477 498 273

314 572 395 662 cile
424 560 621 657 constabit
650 587 715 647 eos
739 556 871 645 lucem
888 558 1094 669 trajefihnr
1116 562 1159 650 in
1175 567 1260 674 ojus
1282 569 1475 657 extremi.

313 719 522 788 tetecum
550 685 719 778 ceruleo
744 684 913 796 tingere.
967 690 1067 797 Qun
1094 716 1192 775 vero
1218 691 1269 775 de
1296 690 1473 786 lentibus

313 827 507 940 utrinque
536 818 728 909 convexis
750 812 816 901 vel
841 817 1030 903 concavis
1058 817 1264 927 dicuntur,
1289 822 1341 907 de
1371 852 1472 912 con·

312 944 631 1041 vexo-concavis
659 937 1010 1059 aequipollentibus
1047 941 1138 1033 sunt
1169 942 1301 1043 etiam
1326 946 1472 1045 intem.

313 1078 459 1193 gendo

366 1332 496 1421 Surr'r
512 1326 552 1415 ἃ
567 1316 647 1408 alle
663 1313 937 1432 pharorum,
966 1347 1055 1434 qun
1072 1321 1124 1413 de
1141 1322 1319 1413 lentibus
1337 1324 1469 1438 expli·

312 1484 404 1547 care
421 1449 605 1568 pellem
638 1445 704 1534 sed
726 1475 821 1540 cunr
845 1450 955 1541 oculi
981 1477 1072 1563 pars
1093 1455 1272 1542 anterior
1299 1455 1469 1567 (humor

312 1606 457 1692 nempe
475 1572 723 1691 crystallinus
744 1603 791 1662 ac
814 1576 951 1665 tunica
969 1582 1136 1689 cornea)
1163 1578 1331 1690 speciem
1349 1578 1468 1666 lentis

311 1705 445 1794 radios
460 1706 512 1791 ad
538 1700 714 1788 retinam
739 1701 1021 1814 congregantis
1038 1701 1194 1811 referat,
1220 1708 1271 1792 de
1292 1701 1372 1816 ipsi
1385 1730 1469 1792 ma·

310 1826 465 1923 luiffenr
490 1825 685 1923 nonnulla
717 1826 860 1915 dicere.
914 1835 1071 1921 Eorum
1102 1854 1253 1938 tamen,
1297 1860 1387 1947 quae
1416 1833 1469 1919 de

310 1956 420 2064 lente
451 1958 531 2067 iarn
564 1950 754 2065 explicui,
792 1952 890 2040 nolo
926 1956 1081 2069 aliquid
1115 1959 1233 2045 enixe
1275 1978 1469 2070 repetere,

308 2115 405 2177 cum
422 2086 473 2174 ad
488 2083 658 2172 oculum
672 2080 786 2169 facile
799 2084 1065 2196 applicentur,
1084 2108 1180 2174 utut
1190 2109 1359 2198 experto
1376 2085 1469 2172 satir

146 2302 148 2307 ,
306 2205 489 2301 difficilia
523 2207 614 2315 fint,
640 2227 852 2319 propterea
879 2211 992 2322 quod
1024 2236 1127 2323 aegre
1156 2208 1350 2323 poffirnus
1379 2204 1468 2299 effi·

304 2368 411 2448 cere,
432 2359 480 2424 ut
504 2333 616 2425 oculi
642 2358 732 2445 pars
747 2334 980 2422 anterior&
1001 2334 1197 2443 posterior
1225 2335 1467 2420 adinvicem

306 2471 366 2554 ita
380 2468 582 2571 accedant,
602 2483 674 2548 aut
697 2461 750 2549 ab
771 2461 946 2548 invicem
967 2459 1166 2563 recedant,
1177 2455 1275 2545 licut
1289 2461 1340 2543 de
1356 2459 1465 2545 lente

305 2600 351 2678 δι
370 2616 524 2703 papyro
549 2589 682 2675 lucern
700 2589 938 2676 terminante
961 2580 1151 2696 descripll.
1204 2587 1464 2694 Quapropter

309 2718 413 2805 radii
432 2740 479 2802 ut
509 2714 730 2825 plurimum
757 2743 809 2801 eo
829 2713 955 2800 modo
977 2713 1020 2801 in
1043 2711 1212 2797 retinam
1235 2709 1465 2821 procidunt,

306 2868 396 2955 quo
421 2841 534 2953 posui
564 2841 801 2926 terminatos
829 2835 904 2927 else
926 2841 970 2926 in
999 2832 1243 2951 papyrumrl
1259 2839 1299 2942 λ,
1339 2855 1462 2948 atque

304 2972 411 3059 adeo
428 2991 592 3082 propter
608 2967 815 3054 misturam
839 2966 1101 3073 diffimilium,
1125 2990 1217 3077 quo
1238 2963 1290 3051 ab
1307 2961 1463 3076 oppoli-

307 3103 364 3186 tis
380 3099 560 3212 partibus
578 3096 736 3208 pupille
751 3095 986 3205 adveniunt,
1011 3097 1167 3185 colores
1188 3118 1334 3182 mutuo
1358 3090 1464 3181 dele·

307 3232 480 3332 buntur,
523 3233 883 3314 &convertentur
917 3225 961 3308 in
993 3224 1131 3309 album
1170 3223 1318 3309 autin
1348 3222 1463 3311 illurn

145 3450 149 3459 ,
303 3356 530 3471 quemlibet
559 3351 754 3454 colorem,
780 3373 957 3457 quocum
980 3347 1188 3458 objeRum
1205 3350 1392 3464 tingitur,
1419 3353 1465 3441 sr-

301 3485 472 3596 quidem
488 3482 554 3567 ille
567 3504 666 3567 tunc
684 3475 835 3563 ceteris
851 3475 968 3562 debet
987 3475 1208 3587 prevalere

359 3721 605 3816 Crernnun
621 3752 670 3810 ex
686 3725 788 3812 lrisce
806 3724 1011 3834 detegitur
1023 3726 1185 3831 modus,
1211 3725 1461 3840 queomnio,

301 3880 395 3967 quae
409 3854 529 3938 nudis
552 3851 679 3938 oculis
693 3854 936 3958 intueamur,
962 3847 1176 3961 poffintita
1195 3849 1301 3960 tingi
1318 3850 1463 3938 colori·

300 3982 394 4091 bus,
419 4007 465 4066 ac
483 3984 510 4069 fi
529 3976 672 4087 prisma
696 3975 1035 4084 interponeretur,
1061 3975 1156 4061 licet
1173 3976 1307 4062 multo
1327 3976 1462 4064 minus

305 4105 522 4200 nnnifestn·
550 4099 719 4221 quoeli
738 4101 853 4298 ”diii
858 4131 929 4214 per
954 4105 1119 4195 alteram
1135 4124 1288 4216 partern
1307 4082 1462 4296 purtpgh

886 4244 915 4302 n
1416 4244 1463 4300 n·
