4128 5240
357 344 486 450 30&
521 337 614 451 ΙΙΙ..
679 336 1338 437 lizenncrrouruus.
1418 316 1539 481 1095

356 559 496 643 tentiis
542 553 652 638 finite
701 548 849 656 parvis,
911 547 1047 658 quales
1094 548 1346 635 intercedunt
1388 578 1518 643 extre·

357 707 517 766 morum
556 670 875 775 minutioribus,
920 673 1113 779 judicium
1159 670 1273 777 ferre,
1302 675 1516 783 praesertim

355 834 447 892 cum
480 803 558 889 istae
593 794 821 886 differentiae
854 796 928 880 stnt
962 798 1182 882 admodum
1213 798 1377 909 exigue.
1450 808 1514 894 Sic

351 931 521 1040 cognito
553 928 667 1040 quod
691 921 849 1007 infinite
887 947 1014 1029 parvae
1041 915 1271 1005 differentiae
1297 948 1512 1040 augentur,

355 1056 650 1156 diminuuntur,
677 1046 741 1130 vei
765 1043 1081 1131 nmutmaximae
1107 1047 1282 1131 evadunt
1305 1075 1374 1163 aut
1393 1053 1511 1139 mini·

354 1207 440 1284 mae,
467 1175 786 1263 concludendum
809 1171 898 1272 erit,
924 1172 1033 1278 quod
1050 1175 1233 1256 omnium
1249 1173 1402 1261 summa·
1418 1207 1507 1290 per·

352 1303 445 1387 inde
465 1322 647 1413 augetur,
669 1296 923 1400 diminuitur,
952 1296 1017 1378 vel
1040 1297 1212 1380 maxima
1228 1296 1274 1383 fit
1297 1324 1366 1384 aut
1390 1307 1508 1391 mini.

350 1457 428 1513 mn.
483 1432 604 1537 Quod
622 1426 650 1508 fi
667 1452 750 1510 non
769 1423 844 1508 smt
859 1450 998 1508 omnes
1017 1423 1130 1510 simul
1144 1427 1324 1513 maxime
1342 1431 1406 1514 vel
1426 1436 1504 1519 mi·
1561 1494 1564 1501 Δ

351 1558 483 1663 nime,
513 1580 645 1640 tamen
681 1550 832 1634 summa
859 1577 934 1658 pro
967 1551 1237 1635 maximeve!
1251 1553 1419 1639 minimi
1437 1559 1505 1645 ha·

350 1684 440 1770 beri·
456 1682 598 1795 potest,
625 1706 731 1765 cum
748 1679 789 1763 id
810 1680 953 1765 accidit
984 1677 1229 1763 intermediae
1264 1685 1381 1789 parti.
1440 1689 1503 1774 Sic

344 1815 537 1897 omnium
548 1807 731 1896 colorum
755 1805 926 1891 latitudo
944 1825 1043 1890 tunc
1063 1807 1234 1890 maxima
1247 1810 1397 1895 censeri
1412 1813 1515 1922 pos··

349 1937 411 2043 sir,
438 1967 531 2024 cum
559 1938 601 2020 id
632 1933 775 2020 accidit
810 1934 1017 2019 viriditati.
1075 1931 1164 2034 Jam
1190 1933 1281 2019 licet
1297 1928 1501 2046 problema

347 2065 711 2175 propofitum‚cum
738 2063 788 2146 de
807 2054 1038 2147 differentiis
1061 2059 1174 2145 finite
1202 2067 1333 2171 paruis
1349 2066 1499 2178 agitur,

271 2272 273 2275 ,
343 2192 483 2276 existat
508 2190 692 2296 solidum,
721 2186 748 2272 sr
773 2210 907 2273 tamen
935 2185 1165 2273 instituatur
1191 2191 1241 2274 de
1265 2186 1498 2279 differentiis

340 2316 497 2401 infinite
528 2319 661 2427 parvis
689 2317 740 2398 ad
769 2317 935 2422 planum
966 2314 1102 2396 reduci
1136 2316 1281 2421 potest.
1338 2323 1497 2404 Verum

342 2439 437 2524 huie
452 2439 642 2523 solvendo
667 2436 764 2519 nolo
786 2438 934 2519 obnixe
954 2436 1201 2541 incumbere,
1227 2439 1290 2522 sed
1319 2441 1496 2529 breviter

342 2582 504 2642 tantum
536 2558 753 2659 ostendam,
795 2584 880 2665 quo
909 2553 1029 2663 pai‘to
1062 2558 1235 2642 calculus
1267 2561 1307 2641 in
1344 2563 1420 2648 hoc
1454 2571 1495 2650 &

340 2677 533 2785 eiusmodi
551 2679 638 2761 aliis
665 2673 711 2754 fit
728 2675 940 2778 ineundus,
965 2698 1013 2756 ut
1041 2678 1090 2757 ad
1117 2679 1383 2782 aequationem
1407 2709 1496 2787 per.

338 2801 536 2909 veniatur,
557 2828 608 2884 ex
626 2799 709 2908 qud
736 2793 934 2880 maximus
955 2795 1196 2908 angulorum
1227 2795 1383 2884 infinite
1407 2827 1493 2910 par·

338 2955 485 3016 uorum
516 2921 636 3037 poffit
672 2922 776 3008 elici.
831 2927 885 3007 Et
913 2921 1070 3034 insuper
1097 2953 1153 3009 eu.
1183 2926 1323 3012 eodem
1347 2923 1490 3016 funda-
1530 2956 1532 2961 ’

225 3086 233 3101 ·
335 3078 478 3141 mento
498 3047 773 3139 determinabo
793 3045 1404 3158 proportionesdifferentiarum
1426 3085 1486 3143 req

334 3181 541 3269 fruitionis
568 3174 744 3289 respectu
767 3177 1014 3265 diversorum
1044 3182 1284 3286 mediorum,
1320 3189 1485 3293 quasin

333 3308 647 3420 precedentibus
680 3325 855 3417 quatuor
885 3305 1221 3415 propbsrtionibus
1247 3310 1483 3417 generaliter
1547 3408 1550 3415 k

334 3457 491 3524 tantum
508 3427 700 3540 descripfi.

383 3691 543 3772 Pmno
577 3684 713 3792 itaque
742 3677 1013 3791 investiganda
1041 3682 1333 3792 estregulavel
1350 3717 1478 3803 aequar

330 3811 407 3917 tid,
434 3814 528 3920 qui,
555 3837 604 3892 ex
629 3839 710 3894 uno
730 3826 936 3916 uteunque
952 3806 1131 3895 retrado<
1149 3814 1259 3897 radio
1277 3814 1387 3923 dato,
1415 3847 1476 3904 re-

330 3934 478 4021 nauus
506 3934 605 4017 alter
644 3961 737 4018 cum
765 3961 815 4019 eo
848 3933 1057 4020 instituens
1089 3935 1282 4048 angulum
1315 3943 1473 4029 infinite

327 4081 498 4175 pervum
515 4056 698 4168 cognosci
722 4058 1050 4169 peterit...Radiis
1068 4086 1097 4144 -e
1116 4060 1251 4149 medio
1267 4065 1359 4151 dard
1373 4066 1471 4144 dens

1356 4184 1491 4271 [ἥλω.
